3446 5384
804 385 845 449 57

725 493 929 500 Ἥ

142 615 228 694 Δέος
261 612 290 685 δ’
312 609 382 687 οἷον
404 612 442 686 ori
465 613 631 707 πρότερον,
654 615 826 684 ἐνέπιπτεν
849 610 952 684 αὐτοῦ
967 615 1167 706 (Καίσαρος)
1189 617 1238 704 uqi
1260 614 1394 705 στρατῷ
1415 605 1499 683 autel

143 721 247 814 δόξαν
274 733 338 798 cciv
368 729 538 814 πολεμίοιν
562 731 625 798 τοῦ
655 756 688 799 τε
715 718 866 820 πλήθους
894 729 950 796 καὶ
979 721 1147 820 ἀσκήσεως
1174 728 1234 796 acl*
1260 721 1495 816 ἀπογνώσεως.

142 845 301 912 Oeterum
325 848 388 912 iam
411 845 519 932 supra·
533 846 828 912 demonstravimus
850 847 1081 933 Pompeianos,
1103 853 1140 911 ut
1164 843 1351 912 Cordubam
1373 842 1496 908 libera-

142 967 227 1035 rent,
250 979 322 1024 eum
345 959 495 1024 hostibus
519 957 728 1024 contendisse
751 978 790 1024 ac
812 961 999 1044 superiores
1022 957 1224 1041 discessisse,
1247 964 1284 1022 ut
1303 955 1496 1021 infirmitate

144 1073 313 1158 copiarum
325 1072 528 1158 Pompeium,
551 1071 723 1156 quominus
739 1069 943 1138 obsidionem
953 1065 1105 1157 Ateguae
1121 1073 1290 1152 eximeret,
1305 1067 1496 1155 impeditum

144 1207 222 1252 esse
244 1206 371 1270 negem.
1256 1197 1258 1199 ·

250 1297 369 1364 Restat
396 1299 513 1384 igitur,
542 1304 579 1363 ut
607 1277 740 1385 paucis,
771 1317 837 1382 qua
866 1296 908 1364 de
938 1317 1039 1363 causa
1059 1295 1115 1363 ille
1138 1295 1260 1382 oppido
1283 1315 1349 1359 non
1370 1293 1497 1360 venerit

144 1411 282 1489 auxilio,
305 1411 479 1496 explicem.
513 1412 693 1497 Pompeius
715 1431 852 1497 sperans
876 1417 910 1476 et
931 1410 1119 1476 firmitatem
1139 1408 1253 1496 oppidi
1275 1416 1309 1474 et
1330 1411 1496 1474 ineuntem

146 1526 288 1592 hiemem
317 1525 360 1591 ab
390 1527 477 1590 iusta
507 1527 752 1613 oppugnatione
782 1524 989 1590 detenturum
1017 1544 1090 1590 esse
1114 1521 1289 1590 Caesarem
1313 1520 1495 1604 evestigio

145 1661 213 1704 non
234 1648 427 1730 persecutus
451 1647 502 1706 cst
523 1675 565 1688 -
588 1637 678 1724 quod
700 1645 873 1724 peccatum
895 1639 1071 1703 maximum
1094 1639 1158 1704 hoe
1168 1635 1256 1704 bello
1268 1636 1429 1700 commisit
1440 1669 1495 1716 ·-,

146 1751 208 1820 sed
233 1755 262 1818 ei
283 1752 326 1818 ed
349 1753 478 1840 singula
500 1751 637 1818 castelle
659 1751 851 1838 occupanda
872 1749 944 1838 (cfr.
968 1773 1038 1840 cap,
1061 1749 1096 1838 6)
1119 1759 1153 1816 et
1173 1751 1379 1832 munitiones,
1410 1769 1495 1833 quae

147 1866 193 1932 ad
215 1864 469 1956 oppugnandum
493 1887 577 1952 opus
599 1872 686 1950 sunt,
709 1863 926 1931 instituendas
948 1865 1024 1947 (cfr.
1038 1885 1109 1950 cap.
1125 1865 1160 1947 7)
1180 1863 1372 1930 facultatem
1394 1861 1495 1927 dedit.

147 1983 266 2064 Itaque
288 1981 402 2046 hostes
431 1978 665 2048 munitionibus
693 1978 839 2044 firmatos
867 1980 1066 2063 aequissimo
1096 1978 1170 2044 loco
1198 1978 1337 2052 invenit,
1368 1984 1405 2042 ut
1433 1976 1496 2040 nisi

147 2095 292 2159 maxime
314 2095 457 2177 iniquam
485 2100 520 2158 et
548 2091 766 2178 periculosam
795 2113 939 2178 pugnam
964 2113 1110 2178 pugnare
1133 2113 1198 2156 non
1220 2098 1344 2176 posset.
1389 2091 1495 2154 Prae-

147 2221 241 2274 terea
263 2228 306 2274 ex
330 2209 438 2292 capite
470 2214 588 2273 octavo
616 2213 650 2271 et
678 2227 764 2272 nono
794 2205 1012 2292 intellegimus
1042 2205 1248 2274 adversarios
1278 2207 1375 2270 etiam
1406 2209 1496 2268 trans

149 2320 277 2387 Salsum
311 2327 419 2384 castra
444 2321 597 2405 posuisse
625 2355 667 2368 ·-
690 2328 832 2387 cestra
861 2321 1140 2386 Postumiana
1162 2357 1220 2401 -,
1251 2326 1288 2384 ut
1316 2311 1495 2402 Pompeius

149 2455 264 2498 manus
302 2453 479 2500 conserens
514 2453 579 2499 non
619 2432 724 2498 solnm
757 2455 777 2499 a
809 2433 936 2517 fronte,
980 2433 1042 2500 sed
1073 2436 1171 2499 etiam
1203 2455 1223 2498 a
1255 2440 1349 2517 tergo
1381 2429 1496 2494 hostes

149 2546 320 2612 habiturus
348 2547 459 2611 fuerit.
502 2545 721 2631 Nequaquam
748 2549 848 2633 igitur
874 2550 991 2612 mirum
1021 2555 1073 2614 est
1095 2547 1198 2612 'illum
1227 2547 1261 2610 in
1288 2544 1387 2611 rebus
1426 2551 1493 2608 tam

149 2659 297 2726 adversis
320 2681 392 2725 cum
415 2657 560 2726 Caesare
582 2659 758 2746 confligere
778 2681 844 2724 non
866 2681 982 2725 ausum
1005 2681 1078 2727 esse
1101 2681 1209 2745 neque
1231 2657 1347 2724 Africa
1375 2657 1495 2722 emissa

150 2781 332 2839 extremam
362 2772 502 2838 salutem
531 2753 656 2839 temere
686 2774 720 2837 in
748 2773 855 2839 aleam
885 2762 1029 2840 dedisse.
1079 2773 1133 2839 Ita
1162 2773 1269 2858 primo
1298 2769 1377 2835 nihil
1406 2764 1495 2831 aliud
1546 2823 1549 2834 .

149 2888 258 2953 facere
279 2888 388 2972 potuit
408 2907 506 2970 quem
529 2892 565 2951 ut
585 2906 692 2973 prope
712 2885 825 2953 urbem
848 2888 1044 2953 consisteret
1067 2893 1100 2954 et
1127 2884 1325 2972 periculum,
1354 2879 1444 2966 quod
1473 2901 1494 2944 a

151 3007 243 3084 tergo
274 2998 479 3078 imminebat,
511 3001 616 3085 primo
650 3021 782 3085 quoque
816 3008 965 3087 tempore
997 3000 1189 3087 depelleret.
1232 2997 1391 3064 Profecto
1412 2992 1493 3058 illud

137 3112 318 3178 castellum
350 3133 541 3200 expugnare
572 3122 726 3194 conatus,
756 3113 816 3180 sed
848 3117 960 3180 nescio
993 3136 1057 3196 quo
1089 3121 1188 3200 pacto
1221 3111 1262 3178 ab
1296 3108 1494 3174 adversariis

149 3245 318 3309 repressus
340 3233 401 3293 est.
447 3226 503 3292 Sin
524 3234 634 3292 eutem
656 3228 890 3312 Pompeianos,
920 3226 1009 3312 quod
1040 3228 1103 3293 sibi
1131 3225 1410 3316 proposuissent,
1428 3241 1494 3286 non

149 3346 316 3405 assecutos
338 3359 412 3405 esse
435 3340 602 3418 confiteor,
623 3349 732 3407 tamen
754 3342 838 3407 hanc
859 3362 929 3407 rem
942 3321 971 3407 'a
992 3343 1151 3429 scriptore
1178 3341 1389 3426 depravatam
1420 3355 1494 3400 esse
1539 3360 1542 3367 ·

149 3471 276 3519 censeo.
321 3451 405 3516 Mihi
426 3455 512 3519 enim
534 3453 725 3521 incredibile
747 3462 799 3520 est
830 3456 945 3521 circa
966 3454 1172 3522 tredecim
1194 3453 1394 3540 legiones
1417 3471 1493 3536 ap-

149 3565 537 3649 propinquantibus
559 3565 700 3632 tribus
722 3565 967 3654 legionibus
989 3570 1255 3655 perterritus
1281 3570 1324 3632 in
1351 3567 1492 3650 fugem

150 3697 190 3742 se
219 3675 407 3762 dedisse,
437 3683 632 3765 praesertim
664 3702 737 3746 cum
767 3689 876 3747 castra
898 3683 1027 3747 circiter
1049 3689 1204 3766 quattuor
1225 3679 1314 3744 milia
1335 3697 1492 3764 passuum

150 3788 312 3854 abessent.
356 3788 412 3854 Ex
435 3791 497 3856 hac
519 3792 781 3860 consideratione
803 3801 918 3880 aperte
942 3793 1049 3859 elucet
1071 3814 1125 3858 res
1148 3815 1168 3859 a
1190 3794 1349 3878 scriptore
1379 3798 1492 3856 nostro

149 3903 193 3966 ita
225 3921 300 3966 esse
331 3910 480 3969 narratas
512 3925 552 3970 ec
586 3905 778 3992 dispositus,
821 3915 858 3978 ut
888 3928 946 3974 eas
976 3906 1184 3972 incommodo
1218 3906 1492 3990 Pompeianorum

149 4012 257 4078 fallaci
278 4014 399 4080 iudicio
422 4015 602 4084 videamus.
697 4048 699 4050 ·

250 4123 332 4192 Cum
360 4128 461 4214 igitur
492 4129 557 4194 hoc
583 4132 752 4198 consilium
774 4131 859 4198 male
882 4134 1056 4214 cessisset,
1087 4154 1164 4219 spes
1194 4133 1381 4214 Pompeium
1412 4152 1492 4217 pro-

149 4259 245 4326 spero
268 4247 389 4306 eventu
411 4262 484 4307 cum
512 4241 711 4310 adversariis
741 4245 896 4312 dimicare
926 4255 959 4312 et
988 4247 1101 4331 oppidi
1129 4246 1332 4311 obsidionem
1363 4243 1492 4309 solvere

148 4372 244 4437 posse
266 4359 338 4418 erat
357 4352 503 4437 sublata3
527 4357 639 4440 itaque
662 4358 818 4443 oppidani
839 4361 1033 4425 excursione
1046 4360 1135 4424 facta
1144 4358 1187 4425 ad
1203 4379 1275 4424 eum
1287 4360 1350 4423 iter
1362 4360 1491 4445 aperire

150 4467 264 4548 conati,
286 4464 401 4536 sedin
422 4467 536 4533 urbem
557 4471 702 4554 repressi
724 4478 809 4539 sunt.
854 4469 967 4537 Verba
987 4473 1131 4537 auctoris
1144 4475 1218 4557 ipse
1229 4471 1328 4536 velim
1341 4473 1491 4538 conferes

151 4597 217 4662 cap.
253 4580 318 4664 12,e
343 4601 416 4646 ae:
452 4582 719 4663 ‚Praeterito
753 4585 893 4650 noctis
923 4593 1115 4670 tempore
1146 4586 1413 4671 eruptionem
1443 4585 1492 4648 ad

150 4691 357 4776 legionem
380 4702 543 4761 sextum
566 4695 784 4778 fecerunt,
815 4718 904 4763 eum
937 4699 977 4762 in
999 4718 1128 4784 opere
1149 4700 1290 4763 nostri
1312 4695 1492 4764 distenti
