3446 5384
901 363 942 428 78

247 598 387 664 tumeliis
410 597 537 662 illorum
560 595 739 661 obnoxium
761 595 943 663 induxisse.
990 593 1087 658 Istius
1110 594 1249 658 bominis
1272 597 1428 660 mcrnoria
1451 597 1625 660 oratoris

247 711 345 775 rebus
358 712 460 795 magis
476 709 638 774 obfuisset
660 727 757 792 quam
780 707 968 793 profuisset.
998 705 1115 790 Itaque
1138 711 1301 772 sententia
1322 729 1396 773 mea
1418 717 1470 773 est
1495 711 1624 773 haec:

247 823 422 889 Caesarem
445 821 668 887 communibus
691 819 800 886 verbis
823 819 994 905 perfidiam
1018 819 1238 904 Hispanorum
1262 828 1296 887 et
1317 823 1450 886 iniurias
1484 823 1622 906 magi-

246 937 402 1001 stratibus
413 934 568 999 Romanis
589 933 697 998 illatas
721 933 945 1019 descripsisse,
967 941 1134 998 auctorem
1159 941 1268 998 autem
1284 931 1391 998 Cassii
1412 955 1616 1000 memorem

247 1090 282 1100 -
309 1049 395 1114 bona
417 1046 483 1112 lide
505 1084 546 1093 —
570 1046 633 1111 hoc
654 1067 772 1112 nomen
794 1048 826 1110 in
849 1048 1029 1112 orationem
1052 1049 1227 1132 recepisse.
1716 1129 1718 1140 ,

348 1211 506 1278 Excussis
528 1213 627 1296 igitur
651 1211 813 1291 omnibus,
845 1213 900 1295 qui
929 1207 1071 1296 aliquam
1103 1212 1313 1278 offensionem
1341 1214 1417 1276 mihi
1447 1223 1614 1288 movent,
1721 1136 1723 1219 l

245 1328 327 1393 locis
350 1335 488 1412 apparet
509 1333 676 1390 auctorem
698 1323 778 1390 belli
800 1324 1028 1410 Hispaniensis
1051 1326 1084 1387 in
1106 1325 1204 1390 rebus
1226 1326 1396 1392 narrandis
1416 1350 1480 1392 non
1495 1328 1611 1414 plane

246 1441 427 1526 apartium
456 1438 564 1504 studio
595 1439 736 1504 alienum
767 1458 864 1520 esse,
897 1458 970 1502 cum
1000 1445 1033 1501 et
1056 1435 1262 1503 Caesarianis
1292 1441 1386 1504 nimis
1417 1440 1536 1506 faveat
1573 1449 1612 1502 et
1719 1448 1720 1451 ’

246 1553 519 1638 Pompeianorum
542 1551 650 1617 famae
673 1571 772 1636 saepe
795 1552 911 1614 iniuria
934 1549 1106 1618 obtrectet.
1136 1550 1608 1623 Iseuimnonsolumnullanr

248 1668 450 1731 occasionem
476 1663 618 1729 oblatam
641 1664 791 1739 dimittit,
823 1665 901 1746 quin
924 1685 1056 1728 suorum
1079 1666 1232 1730 virtutem
1255 1673 1356 1749 atque
1377 1668 1607 1731 constantiam

246 1779 452 1865 amplissimis
480 1776 632 1843 laudibus
663 1776 797 1857 efferat,
835 1775 896 1842 sed
924 1778 1021 1840 etiam
1051 1776 1166 1860 rebus,
1204 1799 1288 1862 quae
1318 1779 1423 1842 minus
1456 1778 1604 1842 favora-

247 1891 329 1957 biles
363 1898 455 1974 sunt,
489 1887 676 1955 omittendis
705 1895 761 1952 aut
789 1887 882 1954 falsis
912 1889 1152 1974 fallacibusque
1186 1893 1294 1955 causis
1326 1889 1502 1956 afferendis
1537 1899 1603 1954 aut

246 2005 389 2069 numeris
417 2003 450 2068 in
480 2005 584 2068 maius
619 2000 816 2066 extollendis
855 2002 993 2088 gloriam
1024 2001 1291 2070 Caesarianorum
1326 2026 1459 2070 servare
1492 2014 1601 2090 atque

247 2137 367 2202 augere
389 2115 509 2180 studet.
552 2113 723 2197 Nusquam
746 2121 859 2178 nostro
889 2113 999 2178 libello
1023 2114 1178 2180 traditum
1211 2118 1392 2202 invenimus
1415 2115 1599 2182 Caesarem

247 2229 369 2294 inlecta
390 2249 425 2293 re
448 2226 557 2292 Uliam
579 2225 771 2310 reliquisse,
801 2225 986 2292 inferiorem
1016 2227 1058 2291 ab
1081 2225 1236 2294 Corduba
1266 2228 1473 2314 discessisse,
1503 2229 1596 2314 apud

247 2343 387 2407 Ucubim
409 2363 429 2404 a
451 2341 591 2404 fluminis
613 2340 752 2403 transitu
774 2343 958 2405 necessarie
980 2340 1176 2428 abstinuisse
1199 2362 1342 2428 suosque
1357 2345 1398 2427 in
1416 2341 1595 2406 Mundensi

246 2476 356 2541 pugna
388 2451 634 2519 retrocedentes
667 2450 800 2519 vidisse.
852 2451 992 2518 Etiamsi
1032 2453 1182 2519 concedit
1219 2451 1436 2518 Caesarianos
1467 2454 1594 2538 aliquid

247 2569 432 2634 detrimenti
454 2569 639 2654 accepisse,
669 2565 768 2631 rebus
790 2573 898 2630 tamen
920 2569 966 2630 ita
988 2565 1213 2652 depingendis,
1237 2574 1274 2630 nt
1296 2588 1337 2632 ne
1358 2568 1488 2630 minima
1511 2569 1591 2649 qui-

247 2682 321 2746 denr
342 2681 470 2746 macula
492 2701 623 2745 snorum
647 2676 797 2764 dignitati
818 2685 1024 2763 aspergatur,
1047 2699 1204 2745 summam
1228 2702 1360 2766 operam
1383 2681 1450 2748 dat.

351 2859 555 2925 Contrarium
607 2855 750 2923 studium
804 2858 838 2940 in
892 2855 1112 2942 Pompeianos
1162 2857 1342 2922 adhibitum
1397 2855 1592 2944 detegimus.

247 2973 365 3058 Neque
399 2975 483 3038 enim
514 2979 629 3036 auctor
662 2973 741 3036 satis
774 2969 875 3036 habet
913 2991 1026 3036 omnes
1055 2971 1274 3054 calamitates,
1308 2992 1419 3036 omnes
1458 2974 1593 3036 iniurias

247 3088 376 3172 aliaque
399 3079 517 3170 omnia,
540 3105 624 3170 quae
646 3085 811 3150 hominum
834 3087 958 3150 animos
980 3091 1144 3168 avertant,
1168 3087 1391 3170 copiosissime
1413 3095 1593 3170 expoinrc,

248 3199 307 3266 sed
330 3203 427 3266 etiam
449 3220 529 3264 vcra
550 3198 704 3284 gravibus
727 3197 826 3264 rebus
849 3207 883 3264 et
904 3197 1084 3264 adiciendie
1108 3205 1141 3263 et
1164 3197 1374 3264 detrahendis
1403 3197 1593 3263 adversari-

249 3334 339 3378 orum
361 3309 567 3377 incommodo
590 3313 769 3397 corrumpit
791 3319 825 3377 et
848 3311 1016 3396 depravat.
1047 3310 1169 3377 Casum
1190 3311 1420 3396 fortunamque
1441 3314 1592 3376 inomni-

248 3428 310 3493 bus
332 3426 441 3510 rebus,
464 3444 547 3510 quas
558 3423 767 3510 Pompeianis
789 3425 874 3491 bene
888 3426 1029 3490 cessisse
1048 3425 1232 3506 confitetur,
1254 3425 1427 3510 plurimum
1449 3423 1593 3488 valuisse

249 3537 452 3605 demonstrat
479 3554 586 3620 neque
615 3557 758 3622 unquam
787 3525 828 3604 iis
856 3537 987 3603 laudern
1016 3539 1193 3603 virtutis
1221 3537 1342 3603 tribuit.
1388 3532 1454 3604 Ubi
1483 3544 1591 3602 autem

249 3652 511 3718 adversariorum
527 3649 638 3716 clades
653 3649 849 3734 referuntur,
865 3671 1060 3735 quamquam
1073 3651 1139 3716 loci
1152 3657 1268 3714 natura
1285 3649 1545 3716 defendebantur
1561 3658 1594 3713 et

248 3787 383 3833 numero
409 3763 545 3830 militum
574 3763 786 3850 praestabant
814 3772 847 3828 et
875 3763 947 3828 aliis
978 3765 1084 3829 causis
1114 3757 1366 3849 praevalebant,
1398 3783 1454 3828 eos
1484 3771 1591 3827 tamen

249 3882 442 3968 perterritos
465 3880 498 3942 in
519 3877 632 3964 lugam
656 3897 693 3942 sc
716 3875 847 3942 dedisse
870 3875 973 3942 semel
995 3885 1030 3942 ct
1051 3876 1183 3961 saepius
1207 3875 1401 3956 declaratur,
1423 3877 1591 3940 utvirtuto

250 4003 284 4058 at
305 3993 423 4058 robore
446 3990 699 4075 haudquaquam
722 3987 928 4054 Caesarianis
950 4007 1048 4074 pares
1071 4007 1144 4053 esse
1167 3987 1340 4052 videantur
1363 3987 1461 4052 etad
1483 3989 1592 4072 pessi-

250 4125 334 4171 mam
357 4107 476 4172 famam
498 4105 716 4190 proferantur.
761 4101 913 4189 Inprimis
942 4111 1039 4182 ve'ro,
1069 4099 1230 4184 quidquid
1261 4098 1303 4165 ad
1325 4102 1495 4165 avaritiam
1517 4121 1591 4164 cru-

251 4219 484 4302 delitatemque
505 4218 664 4302 pertinet,
694 4235 813 4300 magna
842 4235 915 4280 cunr
943 4210 1078 4278 libidine
1107 4223 1207 4297 atquc
1237 4213 1415 4298 cupiditate
1444 4212 1589 4295 traditur,

114 4407 118 4426 ¹
247 4339 406 4418 atigetur,
437 4320 644 4415 depredatur.
689 4329 779 4408 Quas
807 4348 876 4409 res,
909 4347 980 4390 curn
1012 4344 1124 4391 omnes
1148 4347 1271 4392 summo
1296 4315 1455 4392 consensu
1478 4326 1589 4391 eodem

70 4453 107 4550 ,²
149 4505 152 4510 r
240 4452 419 4539 spectent,
452 4463 559 4528 neque
591 4443 728 4507 fortuito
757 4447 851 4504 natas
885 4459 992 4522 neque
1025 4461 1069 4504 ex
1091 4438 1248 4524 peculiari
1271 4441 1439 4524 scriptoris
1462 4441 1588 4524 ingenio

82 4555 87 4566 ’
221 4567 403 4654 exortas,
433 4555 493 4622 sed
515 4554 663 4620 consulto
686 4561 720 4618 et
742 4551 784 4618 dc
807 4549 966 4616 industria
990 4551 1125 4618 effectas
1148 4571 1221 4617 esse
1244 4575 1308 4617 non
1331 4552 1472 4638 amplius
1496 4575 1606 4670 argu-⁹

192 4673 369 4800 flyentis
392 4666 645 4734 confirmandum
669 4673 729 4733 est.

18 4742 47 4767 ⁴0¹⁹*
62 4743 68 4752 ¹

19 4776 29 4791 Ι
43 4797 45 4804 1
63 4797 66 4802 ι

12 4827 23 4853 2
37 4787 69 4840 ld*

42 4849 54 4872 -t

3 4869 53 4907 2⁶1
76 4891 79 4906 ι
