3446 5384
777 419 819 496 67

117 664 273 748 fugit‘‚
295 686 359 728 uon
383 673 434 728 cst
455 665 777 749 praetermittendum
809 664 932 748 locum,
964 685 1029 747 quo
1052 665 1157 749 fugit,
1181 687 1245 727 non
1270 683 1343 730 esse
1366 649 1469 750 signi-

122 778 264 842 ficatum
281 785 314 841 et
333 799 473 858 causam,
497 793 598 861 quare
622 778 753 862 fugerit,
776 781 807 841 in
830 777 1089 862 privatisfirebus
1113 780 1262 862 positam.
1316 811 1319 819 ν

214 891 354 956 Ex·hac
377 895 618 976 comparatione
641 891 849 976 perspicuum
870 885 1289 976 'est}irrrerjsscaosarianos
1307 875 1347 957 et
1368 896 1470 958 Pom-

120 1007 266 1088 peianos
294 1025 445 1089 magnum
475 1004 648 1070 discrimen
678 1025 751 1074 esse
781 1005 912 1069 factum.
952 1005 1029 1070 ¹Etsi
1059 1007 1194 1069 multum
1225 1007 1336 1088 abest,
1367 1017 1404 1071 ut
1436 1012 1470 1070 iu

123 1115 282 1180 Caesaris
312 1116 463 1181 secundis
492 1118 592 1184 rebus
625 1126 797 1204 ct‘magna
819 1118 990 1184 clementia
1012 1119 1123 1204 plures
1147 1119 1188 1183 ad
1212 1139 1285 1184 eum
1309 1141 1405 1203 quam
1428 1123 1470 1184 ab

124 1251 168 1294 eo
192 1230 319 1313 fugisse
341 1247 475 1314 negem,
505 1238 613 1295 tamen
637 1232 910 1296 commemorandi
931 1234 1031 1313 ratio,
1064 1251 1161 1315 quam
1192 1233 1290 1296 modo
1322 1236 1471 1317 exposui,

123 1343 241 1423 iniqua
263 1341 342 1404 mihi
364 1339 502 1405 dicenda
529 1350 587 1408 est.
633 1341 717 1406 Nam
739 1345 857 1429 integri
880 1347 1049 1429 scriptoris
1074 1355 1139 1424 est,
1170 1349 1196 1409 si
1225 1347 1358 1429 quidem
1382 1351 1472 1410 eius-

126 1454 218 1518 modi
240 1475 294 1519 res
317 1457 349 1517 in
371 1455 516 1520 libellum
540 1477 632 1519 suum
651 1458 776 1540 recipit,
802 1455 936 1520 eandem
949 1456 1151 1540 diligentiam
1164 1460 1311 1541 utrisque
1324 1458 1472 1543 portibus

125 1577 308 1652 praestare.
345 1566 426 1631 Cum
448 1571 549 1654 igitur
571 1576 660 1633 certe
684 1590 727 1633 cx
749 1571 789 1633 iis
807 1569 898 1649 locis,
923 1591 1006 1652 quos
1023 1574 1355 1654 commemoravimus,
1368 1593 1472 1656 appa-

127 1691 203 1746 reat
240 1689 273 1746 et
303 1680 462 1764 quosdam
486 1680 702 1746 Caesarianos
732 1679 774 1744 ad
797 1683 988 1768 Pompeium
1021 1685 1209 1770 confugisse
1239 1693 1272 1746 et
1305 1687 1473 1770 perfugas,

130 1795 189 1877 qui
212 1793 373 1872 dicuntur,
396 1793 491 1870 aliter
514 1815 553 1857 ac
574 1794 760 1879 transfugas
784 1793 867 1858 libro
891 1803 1048 1860 tractatos
1065 1818 1146 1878 esse,
1171 1806 1317 1862 auctora
1332 1803 1471 1882 partium

131 1905 313 1991 eupiditate
336 1907 423 1972 haud
446 1906 572 1972 alienus
595 1907 698 1972 fuisse
720 1905 862 1975 videtur.

236 2133 376 2217 Caesar,
411 2143 446 2198 ut
475 2154 574 2218 supra
603 2131 917 2214 demonstravimus,
953 2129 1061 2194 Ucubi
1090 2117 1321 2215 praetermissa
1356 2133 1473 2215 pugnis

133 2245 221 2334 apud
244 2248 389 2314 Sericum
413 2249 659 2334 Aspaviamque
683 2245 863 2310 commissis
887 2245 1056 2308 transitum
1080 2243 1219 2306 ilurrrinis
1245 2243 1331 2309 Saisi
1355 2247 1473 2324 offecit,

134 2373 171 2428 ut
199 2365 229 2426 ci
257 2361 365 2426 aditus
395 2364 495 2426 totius
518 2360 682 2424 inferioris
706 2354 880 2423 Baeturiac
902 2366 1042 2441 pateret.
1088 2355 1188 2420 Cuius
1211 2361 1354 2443 regionis
1377 2359 1475 2422 urbes

136 2485 170 2540 et
198 2497 318 2562 magno
341 2475 486 2560 periculo
496 2487 509 2554 ,’
534 2471 627 2557 quod*
646 2472 687 2535 ab
710 2471 767 2534 illo
790 2469 1018 2555 impendebat,
1042 2473 1237 2556 perterritae
1261 2480 1294 2534 ot
1316 2493 1475 2556 prospero

135 2587 204 2653 eius
227 2575 382 2654 successu
406 2593 587 2652 commotae
609 2561 727 2670 partim
750 2605 770 2646 a
793 2585 952 2668 Pompeio
976 2581 1167 2647 defecerunt
1191 2581 1475 2667 Caesarianosquc

135 2705 218 2766 iutra
231 2722 341 2764 muros
356 2707 560 2784 receperunt,
583 2699 700 2783 partim
714 2717 734 2762 a
746 2699 902 2780 Pompeio
925 2691 1081 2759 auxilium
1105 2696 1228 2781 petisse
1253 2705 1285 2760 et
1303 2687 1475 2761 universae

135 2817 182 2876 rei
225 2812 465 2878 dimicationem
504 2811 690 2896 postulasse
719 2809 894 2874 'videntur
930 2809 1007 2876 cfr.
1043 2809 1139 2874 Dion.
1181 2809 1273 2874 Cass.
1315 2807 1475 2892 XLIiipt

138 2921 271 3010 ,ἐκείνης
304 2921 340 2988 δὲ
369 2918 409 3009 δὴ
431 2922 488 3010 τῆς
518 2915 644 2995 πόλεως
667 2911 901 3009 (Ἀττεγουάς)
925 2914 1067 3006 ἀλοίσας
1090 2915 1193 2988 οὐκέτ’
1224 2921 1291 2988 οὐδῚ
1320 2921 1366 2988 σι’
1385 2915 1476 2990 ἄλλοι

137 3029 316 3125 ἡτρὲμιζον,
349 3027 428 3102 ἄλλα
457 3034 569 3102 πολλοὶ
598 3033 657 3116 μὲν
688 3033 780 3102 αὐτοὶ
811 3027 895 3122 πρὸς
923 3029 978 3100 τόν
1013 3029 1168 3122 Καίσαρα
1199 3027 1477 3115 πρεσβευσάμενοι

138 3148 355 3232 μεθίσταντο,
381 3147 495 3216 πολλοὶ
525 3145 639 3214 δὲκαὶ
662 3141 798 3216 ἐπιόντα
821 3140 919 3214 αὐτὸν
939 3140 1013 3220 τούς
1036 3170 1070 3211 τε
1093 3137 1356 3233 ὑποστρατήγους
1378 3145 1478 3212 αὐτοῦ

139 3259 294 3347 ἐδέχοντο,
317 3255 400 3330 α’στε
422 3257 477 3328 τόν
488 3245 665 3349 Πομπήιον
687 3254 898 3350 ἀπορήσαντα
921 3254 971 3326 ὅτι
994 3255 1053 3348 χρὴ
1075 3252 1260 3346 πρᾶξαι,τό
1273 3257 1332 3342 μὲν
1346 3259 1478 3348 πρῶτον

140 3372 247 3444 ἄλλοτε
276 3370 358 3464 ἄλλῃ
380 3376 437 3463 τῆς
458 3369 567 3467 χώρας
588 3368 834 3458 μεθιστάμενον
855 3373 1066 3450 πλανᾶσθαι,
1089 3367 1204 3438 ἔπειτα
1226 3370 1262 3439 δὲ
1286 3371 1479 3460 φοβηθέντα

139 3483 182 3574 μὴ
204 3488 259 3554 καὶ
282 3485 317 3572 ἐξ
340 3481 440 3556 αὐτοῦ
454 3477 571 3555 τούτου
585 3487 639 3553 καὶ
657 3485 690 3588 οἱ
707 3486 818 3555 λοιποὶ
836 3479 930 3552 αὐτὸν
946 3483 1201 3570 ἐγκαταλίπωσι,
1218 3487 1478 3554 διακινδυνεῦσαι

43 3609 51 3621 ’
141 3599 305 3688 ἐθελῆσαι*
318 3610 460 3688 etcuput
475 3603 516 3666 27
540 3603 643 3668 nostri
666 3603 817 3682 auctoris,
831 3583 896 3664 ¹ubi
917 3597 1360 3686 legimusVeutiponem‚
1384 3604 1478 3666 simul

141 3737 160 3779 a
188 3713 331 3780 Caesare
364 3717 545 3802 oppugnari
576 3723 695 3800 coepta
723 3716 781 3794 sit,
812 3713 1010 3779 deditionem
1039 3712 1159 3778 fecisse
1193 3723 1226 3778 et
1253 3710 1478 3779 Carrucam

143 3836 252 3894 contra
273 3831 411 3915 Pompei
443 3828 608 3917 praesidia
636 3837 749 3914 portas
779 3827 945 3893 clausisse.
991 3824 1221 3892 Ursaoueuses
1245 3827 1376 3910 quidem
1385 3875 1394 3908 ,
1425 3827 1480 3910 qui

142 3943 298 4026 Pompeio
320 3941 418 4004 fidem
441 3942 670 4025 praestabant,
694 3962 842 4026 magnam
865 3941 943 4005 belli
966 3939 1210 4004 diuturnitatem
1233 3941 1341 4022 inique
1365 3940 1479 4003 tulisse

144 4063 175 4120 et
196 4076 381 4139 supremum
404 4062 571 4119 certamen
593 4055 805 4120 vehementer
828 4053 1053 4134 desiderasse,
1076 4053 1151 4116 iude
1175 4054 1255 4116 satis
1279 4061 1330 4116 cst
1352 4055 1480 4136 perspi-

144 4191 251 4253 cuum,
281 4168 370 4254 quod
393 4169 571 4254 Pompeius
590 4168 740 4254 epistola
764 4167 947 4231 Ursaonem
970 4163 1047 4228 data
1070 4184 1200 4228 causam
1231 4164 1375 4249 ambigui
1403 4163 1482 4228 beili

145 4286 182 4345 in
211 4285 443 4347 exercitum
473 4285 655 4346 tironem
686 4279 885 4376 Caesaris
916 4277 1066 4342 conferre
1090 4297 1289 4362 magnopere
1313 4275 1424 4340 studet
1449 4286 1483 4338 et

146 4398 244 4480 primo
278 4417 409 4481 quoque
442 4405 592 4482 tempore
618 4417 662 4459 se
695 4393 816 4458 bellum
851 4391 1076 4456 coniecturum
1111 4411 1183 4453 csse
1215 4392 1377 4473 promittit
1408 4389 1481 4469 (cfr,

149 4529 216 4594 cap.
236 4507 299 4595 26).

244 4625 360 4707 Itaque
383 4623 461 4686 mihi
482 4639 674 4708 persuasum
694 4627 744 4684 est
767 4620 969 4703 Pompeium,
993 4635 1035 4677 ne
1057 4615 1283 4677 auctoritatem
1306 4617 1371 4677 iam·
1386 4613 1483 4677 valde

148 4739 296 4800 minutum
319 4737 416 4821 plano
439 4737 620 4817 amitteret,
642 4733 706 4796 illis
729 4732 826 4796 rebus
855 4731 976 4794 beilum
1007 4749 1117 4811 pugna
1147 4726 1324 4792 decernere
1349 4747 1483 4811 prorsus

788 4881 796 4916 i
1298 4842 1330 4891 ὑπ’
