3446 5384
730 393 859 456 177

736 500 941 517 --—-...,—....

153 640 203 696 et
223 635 362 720 scriptor
384 639 495 698 noster
516 633 604 716 ipse,
637 631 694 716 qui
715 631 748 693 in
772 632 879 715 capite
900 627 942 694 41
965 628 1068 696 refert
1088 651 1110 696 a
1131 629 1255 698 Munda
1276 635 1444 703 materiam
1467 635 1510 700 ad

154 745 352 812 Ursaonem
386 746 591 831 deportatam
621 763 705 812 esse.
749 743 855 824 Quam
877 745 1045 809 materiem
1068 765 1137 809 non
1157 753 1253 810 extra
1274 747 1387 812 urbem
1410 749 1510 812 Mun-

160 858 260 940 dam,
284 859 344 924 sed
366 861 399 923 in
421 859 502 924 urbe
523 861 597 945 ipsa
619 857 792 923 collectam
815 877 890 922 esse
911 859 1118 944 perspicuum
1141 865 1259 924 estex
1282 863 1389 945 eapite
1412 861 1453 926 32
1477 872 1511 926 et

163 992 213 1036 ex
238 971 312 1036 Val.
336 971 427 1041 Max.
451 970 548 1054 Vll‚s.
582 971 699 1056 ltaque
721 972 805 1038 banc
828 970 960 1056 quidem
982 969 1095 1035 urbem
1118 991 1138 1034 a
1159 953 1264 1036 Fabio
1277 968 1424 1039 Maximo
1437 995 1510 1040 esse

165 1083 311 1150 deletam
333 1087 475 1150 maxime
497 1085 672 1152 verisimile
696 1093 756 1152 est.

273 1197 366 1263 Haec
411 1202 518 1262 omnia
568 1197 656 1285 apud
699 1205 846 1263 nostrum
889 1205 1056 1262 auctorem
1099 1196 1336 1268 desiderantur.
1392 1199 1509 1286 Neque

169 1318 279 1377 tamen
300 1311 387 1376 idem
409 1332 552 1396 unquam
574 1313 813 1393 praetermittit,
837 1313 914 1394 quin
926 1311 1145 1396 Pompeianos
1157 1313 1189 1375 in
1202 1313 1384 1398 oppidanos
1395 1333 1510 1381 severe

168 1423 373 1491 consuluisse
394 1423 454 1490 vel·
471 1423 584 1489 urbem
606 1423 790 1489 incendisse
813 1423 943 1489 referat.
989 1423 1039 1487 lta
1071 1422 1219 1503 andimus
1242 1424 1510 1510 Ateguenses

169 1546 205 1602 ct
219 1536 467 1603 Ucubenses
482 1535 633 1603 Caesaris
656 1534 822 1601 studiosos
845 1533 1025 1601 trucidatos
1049 1556 1123 1604 esse
1146 1546 1179 1601 et
1198 1537 1319 1622 oppida
1335 1537 1510 1604 Ucubim

170 1650 405 1734 Carrucam,
440 1649 677 1717 Cordubam
710 1650 752 1714 ab
784 1648 982 1715 adversariis
1016 1669 1090 1714 esse
1124 1651 1267 1718 incensa.
1312 1651 1370 1717 cfr.
1404 1655 1511 1737 capita

171 1761 223 1845 15,
245 1763 296 1843 21,
320 1763 372 1842 27,
395 1760 446 1830 34.
482 1761 640 1827 Videmus
662 1761 762 1847 igitur
784 1761 909 1843 eadem,
933 1783 1018 1846 qnae
1040 1761 1082 1827 de
1106 1761 1302 1832 adversariis
1325 1764 1511 1851 diligentis-

170 1878 251 1940 sime
280 1873 480 1960 produntur,
511 1873 552 1940 de
584 1872 791 1940 Caesarianis
819 1873 949 1939 silentio
982 1877 1102 1952 omitti;
1134 1874 1168 1940 id
1198 1875 1286 1961 qnod
1316 1879 1511 1946 consulto

171 2009 244 2054 esse
266 1989 388 2053 facturn
411 1990 484 2071 quis
508 1995 568 2070 est,
591 1989 647 2072 qni
669 1985 793 2074 neget?
837 1985 924 2052 Sane
948 1996 1097 2053 extrema
1119 2009 1196 2074 pars
1225 1992 1390 2072 orationis,
1414 2012 1511 2075 qnam

171 2101 297 2167 Caesar
323 2103 475 2166 contione
493 2099 667 2186 Hispalim
697 2099 859 2164 advocata
887 2101 1017 2182 habuit,
1046 2103 1157 2167 nescio
1187 2101 1351 2187 quomodo
1383 2104 1512 2188 perdita

171 2226 222 2281 est
243 2236 350 2299 neque
373 2216 442 2280 sine
455 2214 565 2298 aliquo
577 2216 647 2278 inre
659 2215 916 2278 Drnmannus
928 2212 1063 2299 (Gesch.
1077 2213 1190 2280 Rome.
1201 2214 1262 2296 III,
1275 2217 1351 2300 642)
1374 2219 1512 2280 coniecit

171 2329 346 2395 Caesarem
375 2327 439 2392 hoe
467 2327 540 2392 loco
571 2328 645 2394 tidis
675 2330 836 2414 praemia,
865 2341 990 2413 poenas
1012 2327 1148 2413 perfidis
1181 2331 1399 2394 constituisse.
1444 2329 1511 2394 Sed

172 2443 234 2506 etsi
257 2439 400 2506 concedo
423 2442 603 2504 orationem
626 2440 689 2505 hoc
711 2439 809 2506 modo
833 2462 905 2506 esse
918 2441 1115 2523 conclusam,
1137 2441 1312 2528 plerasque
1328 2450 1436 2506 tamen
1448 2464 1511 2524 res,

171 2577 253 2639 quas
275 2575 374 2640 supra
397 2555 735 2634 commemoravimus,
758 2574 921 2638 nunquam
945 2557 977 2618 in
999 2563 1111 2620 nostro
1134 2555 1217 2619 libro
1240 2557 1380 2641 scriptas
1404 2558 1511 2620 exsti-

87 2743 90 2748 ·
171 2671 250 2732 tisse
273 2668 431 2750 arbitror3
454 2687 554 2752 quere
576 2676 691 2732 auctor
712 2669 845 2733 crimine
868 2665 1011 2733 libidinis
1033 2689 1098 2734 non
1121 2677 1173 2734 est
1194 2655 1428 2736 absolvendus.¹

274 2890 446 2958 Orationes
469 2893 576 2978 ipsas,
604 2913 689 2976 qnae
711 2894 819 2979 eapite
844 2891 883 2958 17
908 2901 941 2958 et
962 2895 1004 2957 42
1027 2893 1167 2961 traditae
1190 2899 1282 2978 sunt,
1311 2897 1406 2962 nimis
1428 2896 1512 2962 altas

170 3016 268 3092 atque
310 3013 529 3094 exaggeratas
567 3026 640 3072 esse
681 3007 791 3090 priore
823 3014 918 3091 parte
949 3005 1179 3072 demonstravi.
1232 3007 1372 3072 Multum
1406 3009 1511 3090 abest,

170 3124 403 3206 ott-,integro
432 3122 582 3206 scriptori
610 3126 713 3186 totam
745 3121 924 3186 orationem
953 3121 1056 3188 verbo
1084 3127 1179 3188 tenus
1201 3141 1276 3186 esse
1298 3121 1510 3207 repetendam

170 3233 278 3316 velim,
293 3251 404 3297 verum
420 3253 494 3297 meo
508 3234 578 3298 iure
593 3232 762 3316 postulare
783 3234 861 3298 mihi
882 3232 1008 3316 videor,
1031 3255 1073 3300 ne
1095 3236 1218 3300 oratori
1239 3234 1349 3316 verba,
1372 3255 1457 3318 qnae
1469 3235 1511 3299 ab

170 3370 211 3412 eo
233 3349 342 3434 aliqua
365 3347 408 3412 de
430 3367 529 3412 causa
551 3346 737 3429 abhorrent,
760 3367 902 3430 unquam
924 3354 1159 3432 supponentur.
1187 3346 1408 3427 Quamobrem
1431 3349 1511 3414 satis

170 3461 286 3542 habeo,
309 3460 375 3543 illa,
398 3481 484 3546 quae
505 3469 563 3524 aut
584 3459 730 3524 moribus
751 3467 809 3526 ant
829 3458 929 3525 rebus
944 3457 1095 3526 Caesaris
1107 3457 1343 3542 contradicunt,
1367 3479 1511 3526 comme-

169 3596 307 3644 morare.
339 3575 452 3660 Atque
473 3575 611 3659 primum
634 3572 751 3640 verba:
774 3593 833 3654 ‚an
855 3593 914 3637 me
937 3571 1079 3638 deleto
1101 3591 1178 3635 non
1200 3571 1511 3638 animadverte·

169 3688 281 3752 batis
309 3683 489 3773 (decem)
513 3685 670 3750 babere
693 3685 892 3770 legiones
913 3684 1114 3770 populum
1136 3682 1379 3764 Romanum,
1407 3693 1511 3768 quae

170 3821 249 3865 non
282 3799 416 3864 solum
449 3798 571 3865 vobis
606 3797 843 3879 obsistere,
878 3795 952 3862 sed
986 3799 1110 3864 etiam
1144 3796 1307 3862 coelum
1340 3797 1511 3862 diruere

171 3915 360 3998 possent‘
383 3919 449 3976 tam
471 3913 581 3997 inepte
604 3909 803 3996 amplificata
824 3917 910 3991 sumt,
933 3918 970 3974 ut
991 3930 1154 3993 nunquam
1167 3909 1312 3974 adducar
1326 3908 1511 3993 Caesarem,

171 4028 227 4109 qui
255 4044 386 4110 semper
414 4032 449 4089 et
476 4024 599 4107 ubique
625 4023 850 4088 moderatione
881 4022 1020 4108 quadam
1051 4029 1084 4089 et
1113 4009 1330 4108 temperantia
1351 4021 1511 4100 utebatur,

171 4137 348 4223 quidquam
377 4136 482 4202 simile
510 4136 602 4220 loqui
629 4138 794 4222 potuisse;
832 4134 952 4202 deinde
972 4135 1163 4201 incredibile
1186 4141 1238 4202 est
1260 4132 1451 4212 Caesarem,
1476 4146 1512 4201 ut

170 4251 391 4338 Hispanorum
404 4252 537 4316 iniurias
559 4248 751 4330 declararet,
776 4251 870 4314 istius
893 4247 1042 4331 Cassii,
1065 4268 1162 4331 quem
1184 4255 1320 4332 propter
1340 4249 1511 4344 avaritiam

172 4374 205 4429 et
234 4364 459 4431 crudelitatem
488 4383 554 4430 non
582 4365 686 4430 minus
709 4361 915 4432 Caesarianis
943 4381 1040 4444 quarn
1063 4361 1273 4445 Pompeianis
1303 4359 1379 4424 odio
1406 4359 1511 4424 fuisse

173 4487 205 4543 et
217 4483 331 4565 ipsum,
345 4487 464 4559 quanta
476 4476 602 4544 seelera
616 4475 812 4558 admisisset,
831 4475 994 4540 conscium
1013 4472 1156 4540 adventu
1168 4455 1322 4538 Trebonii
1335 4495 1355 4537 a
1368 4470 1511 4538 Caesare

172 4595 261 4657 missi
289 4593 416 4679 fugisse
446 4592 524 4656 satis
557 4591 764 4677 perspicuum
793 4597 844 4654 est
877 4605 921 4654 ex
954 4585 1041 4652 bello
1071 4584 1170 4654 Alex.
1205 4584 1292 4670 (cap.
1323 4585 1364 4650 59
1394 4593 1427 4649 et
1457 4586 1511 4666 64)

171 4707 356 4771 nominatim
379 4708 573 4770 mentionem
596 4704 716 4767 fecisse
738 4721 878 4786 cumque
901 4703 995 4784 qnasi
1016 4700 1220 4766 innocentem
1244 4700 1406 4764 victimam
1431 4720 1511 4764 con-
