3446 5384
842 429 882 493 15

762 533 967 542 —-—-—·-—.

784 543 787 552 ι

194 666 392 751 ,existimant
412 683 515 748 prope
538 683 655 750 magna
675 683 753 747 pars
769 657 951 746 hominum,
975 665 1031 747 qui
1052 664 1086 727 in
1107 664 1158 728 his
1182 665 1298 729 castris
1320 664 1471 760 fuissent,
1498 685 1536 731 se

191 800 294 865 prope
323 786 451 864 captos¹
469 779 555 843 esse‘
587 777 674 860 [cum
703 775 915 858 Fleischero,
945 776 1076 844 observ.
1108 779 1179 844 crit.
1209 799 1242 864 p.
1266 779 1386 861 6-8.].
1418 815 1458 824 -
1489 780 1533 861 4,ι

188 891 549 977 ,Appropinquantibus
572 911 615 954 ex
631 889 752 975 oppido
774 891 857 954 bene
879 909 999 976 magna
1019 888 1193 955 multitudo
1208 889 1250 954 ad
1264 893 1442 974 equitatum
1454 909 1535 956 con-

187 1003 362 1069 cidendum
384 1026 457 1069 cum
480 1005 648 1069 exissent‘
669 1041 713 1052 -
735 1002 799 1083 13,r
824 1009 969 1088 ‚propter
990 1001 1080 1087 qood
1098 1003 1170 1068 fere
1190 1023 1310 1088 magna
1327 1024 1404 1088 pars
1425 1003 1536 1070 homi-

186 1137 274 1200 num,
297 1120 354 1202 qni
376 1119 409 1181 in
431 1119 547 1184 castris
560 1117 813 1198 nostrisessent,
836 1135 901 1180 non
913 1113 1124 1183 dubitarunt‘
1145 1152 1182 1162 —
1198 1113 1321 1180 Confer
1333 1117 1379 1199 op
1390 1114 1534 1198 ,Cassan

186 1249 260 1294 cum
291 1229 460 1316 complura
489 1227 625 1294 castella
655 1235 867 1314 occupasset,
889 1229 1007 1313 partim
1035 1227 1090 1292 ubi
1118 1229 1304 1314 equitatus,
1331 1231 1451 1314 partim
1477 1230 1534 1296 ubi

185 1341 351 1426 pedestris
363 1343 457 1427 copia
468 1343 501 1404 in
512 1342 654 1406 statione
670 1341 746 1405 etin
758 1338 916 1404 excubitu
927 1339 1044 1404 castris
1056 1336 1223 1423 praesidio
1235 1359 1309 1404 esse
1321 1347 1479 1425 possent!

273 1472 368 1536 Hanc
390 1472 585 1537 adsensum
608 1471 894 1551 constructionem,
916 1488 1014 1553 quam
1036 1477 1167 1551 vocant,
1190 1471 1343 1536 etiamad
1356 1473 1533 1557 insequens

186 1591 388 1654 enuntiatum
410 1586 588 1670 pertinere,
610 1605 651 1648 ex
671 1583 723 1650 his
746 1579 908 1668 exemplis
930 1581 1054 1648 elucet:
1079 1582 1142 1665 15,s
1166 1584 1228 1665 ,Ita
1250 1585 1532 1671 exiguoternpore

186 1721 290 1785 eques
312 1701 465 1782 pedestre
481 1752 487 1768 .
502 1696 722 1786 ...proelium
744 1696 856 1761 facere
868 1697 988 1780 coepit,
1011 1716 1116 1780 usque
1134 1717 1173 1761 eo
1185 1705 1222 1762 ut
1235 1697 1371 1764 caedem
1381 1701 1532 1785 proxime

183 1835 204 1877 a
227 1812 315 1877 vallo
336 1813 498 1879 fecerint‘
531 1810 692 1876 Nimirum
715 1811 840 1893 ,eques‘
863 1808 1102 1876 substantivum
1116 1809 1323 1876 collectivum
1339 1831 1400 1897 pro
1413 1809 1532 1896 plurali

185 1927 332 2010 ,equites‘
363 1926 506 2009 positum
535 1919 814 2007 interpretandum
848 1929 908 1986 cst.
959 1919 1021 1998 25,1
1061 1941 1146 2002 ,cum
1182 1919 1227 1986 ad
1257 1921 1396 1988 eundem
1424 1923 1532 1988 locum

185 2042 255 2104 eius
285 2036 485 2122 praesidium
514 2037 677 2116 venisset,
704 2036 842 2120 pristino
871 2032 928 2097 illo
959 2054 1019 2098 suo
1047 2033 1223 2100 utebantur
1245 2035 1418 2102 instituto.‘
1463 2036 1531 2119 fla

183 2151 245 2236 ,Ita
267 2153 383 2216 cestris
405 2151 502 2216 motis
525 2147 666 2214 Ucubim
688 2147 867 2233 Pompeius
890 2145 1107 2232 praesidium,
1130 2148 1218 2230 quod
1245 2146 1396 2234 reliquit,
1425 2150 1530 2229 iussit,

182 2275 219 2330 ut
241 2265 452 2329 incenderent
475 2271 508 2328 et
524 2313 531 2330 .
545 2313 552 2330 .
566 2311 596 2338 ..
612 2283 649 2327 se
671 2262 877 2346 reciperent?
924 2259 1266 2341 19,e,materfamilius
1296 2260 1339 2326 de
1371 2282 1463 2326 muro
1493 2283 1530 2328 se

183 2376 312 2458 deiecit,
335 2376 379 2440 ad
400 2397 461 2442 nos
484 2375 638 2441 transiliit
660 2374 811 2458 dixitque
835 2395 872 2439 se
895 2393 968 2438 oum
982 2372 1107 2438 familia
1138 2377 1351 2440 constitutum
1361 2374 1528 2456 habuisse,

183 2497 220 2553 ιιι
241 2510 306 2553 una
327 2487 573 2574 transfugerent
594 2485 638 2554 ad
661 2486 860 2554 Caesarem‘.
905 2487 970 2571 374
995 2487 1088 2569 ,Pars
1111 2495 1196 2568 erat,
1227 2509 1313 2572 quae
1335 2489 1468 2574 legatos
1486 2487 1530 2582 ad

183 2601 360 2668 Caesarem
382 2603 533 2682 miserat,
555 2620 643 2685 pars,
673 2603 730 2686 qui
751 2601 1023 2686 Pompeianarum
1051 2604 1192 2688 partium
1221 2603 1368 2669 fautores
1397 2606 1528 2672 ossont‘.

182 2716 307 2783 Confer
345 2716 386 2780 32
421 2724 506 2784 extr.
547 2735 631 2797 ,oum
658 2714 846 2799 frequentia
874 2718 1098 2798 convenisset,
1129 2715 1170 2782 de
1206 2715 1324 2784 lectica
1350 2717 1528 2803 Pompeius

182 2850 295 2895 eorum
317 2831 350 2893 in
372 2827 471 2894 fidem
494 2829 662 2914 confugit‘.
707 2828 801 2922 Quae
824 2849 869 2894 ex
880 2849 979 2895 sensu
993 2837 1066 2894 orta
1078 2831 1263 2897 coniunctio
1274 2831 1296 2913 ¹)
1308 2829 1411 2895 multo
1423 2833 1527 2916 magis

181 2943 361 3008 dissolutae
379 2917 554 3028 'poetarum
578 2943 717 3007 orationi
739 2948 773 3006 et
792 2940 915 3016 inculto
937 2940 1029 3028 vulgi
1058 2944 1196 3008 sermoni
1221 2942 1401 3029 respondet
1428 2965 1526 3029 quam

145 3061 147 3063 ’
179 3055 310 3119 sublimi
332 3053 498 3121 scribendi
520 3057 642 3141 generi.
685 3054 843 3120 Profecto
872 3053 958 3135 apud
989 3053 1181 3121 Ciceronem
1207 3055 1297 3121 nullo
1327 3065 1418 3123 certo
1450 3056 1525 3122 loco

179 3170 234 3232 hic
263 3189 341 3233 usus
366 3169 539 3255 reperitur,
563 3167 652 3254 apud
674 3166 852 3234 Caesarem
877 3167 981 3234 semel
1002 3167 1079 3234 bell.
1101 3167 1179 3255 gall.
1202 3168 1290 3254 ll,6,s
1325 3191 1410 3253 ,oum
1433 3178 1525 3236 tanta

178 3279 353 3345 multitudo
376 3279 504 3366 lapides
526 3299 565 3345 ac
587 3280 654 3346 tela
678 3282 884 3362 conicerent‘,
914 3280 1003 3367 apud
1026 3280 1217 3350 Sallustium
1238 3304 1314 3349 raro
1336 3283 1421 3348 hanc
1442 3306 1524 3350 oon-

176 3395 375 3459 iunctionem
398 3391 611 3476 offendimus3
633 3393 750 3458 Livius
765 3401 875 3460 autem
891 3394 1007 3460 crebro
1028 3393 1188 3481 pluralem
1210 3394 1392 3481 praedicati
1407 3418 1524 3463 uume-
1551 3393 1557 3408 '

176 3528 249 3570 rum
281 3505 430 3571 adhibuit
439 3503 473 3592 ²).
531 3504 672 3591 Saepius
708 3515 817 3573 autem
853 3507 908 3581 fit,
946 3514 982 3571 ut
1011 3508 1044 3572 hi
1073 3510 1252 3594 scriptores
1281 3509 1522 3576 substantivum

176 3619 384 3684 collectivum
415 3621 449 3683 in
478 3621 692 3703 consequenti
722 3622 889 3686 enuntiato
919 3619 1040 3707 plurali
1071 3599 1206 3688 numero
1238 3605 1456 3709 excipiant³).
1483 3657 1521 3669 —

174 3734 354 3799 Praeterea
376 3740 630 3819 commemoratu
652 3730 743 3819 digni
765 3753 838 3798 esse
860 3733 939 3798 mihi
961 3733 1114 3800 videntur
1128 3736 1162 3800 hi
1185 3734 1249 3801 duo
1271 3735 1350 3804 loci:
1374 3737 1436 3814 aaa
1467 3757 1524 3817 ,ex

176 3865 244 3930 quo
268 3844 321 3909 die
344 3842 653 3930 oppidum-Ategua
675 3851 764 3910 esset
794 3851 937 3932 captum‘
967 3855 1001 3913 et
1023 3846 1087 3932 24,1
1120 3849 1323 3934 ‚Pompeius,
1357 3870 1429 3914 cum
1450 3851 1524 3914 ani-

175 3957 399 4023 madverteret
419 3957 556 4024 castello
578 3979 615 4024 se
638 3958 771 4024 excludi
784 3958 940 4042 Aspavia,
963 3959 1051 4044 quod
1075 3969 1127 4026 est
1147 3960 1190 4026 ab
1203 3959 1313 4026 Ucubi
1332 3959 1422 4026 milia
1442 3981 1523 4046 pas·

174 4093 272 4137 suum
295 4070 344 4150 V‘,
367 4070 456 4154 quod
486 4069 724 4137 substantivum
754 4049 940 4160 appositum
968 4074 1088 4139 nomini
1119 4075 1252 4160 proprio
1278 4072 1480 4158 praecedens
1502 4093 1523 4138 a

173 4184 366 4271 praedicato
398 4184 452 4250 vol
485 4186 654 4251 enuntiato
687 4183 825 4250 relativo
859 4187 988 4272 longius
1020 4185 1126 4256 abest.
1175 4184 1276 4272 Apud
1320 4184 1403 4252 alios
1437 4189 1522 4252 enim

280 4468 301 4535 ¹)
320 4467 398 4537 Dier,
418 4469 536 4523 Gramm.
554 4469 580 4524 d.
599 4483 620 4519 r.
639 4466 700 4534 Spr.
717 4467 765 4520 lll.
784 4481 811 4532 p.
832 4459 897 4518 299:
916 4467 975 4531 ,Die
994 4465 1116 4532 sorglose
1135 4465 1257 4532 Sprache
1277 4467 1324 4518 der
1343 4465 1447 4517 aeftern
1461 4467 1522 4517 Zeit

176 4569 314 4618 llberlttsst
336 4570 394 4618 sich
420 4569 511 4619 dieser
535 4581 584 4616 aus
609 4565 670 4617 dem
689 4561 806 4614 Gefllhle
823 4561 1065 4627 horvorgeheuden
1083 4561 1264 4627 Verbindnng
1282 4577 1325 4613 am
1342 4562 1521 4612 leichtesten‘·

280 4665 300 4725 ²)
320 4665 369 4714 cfr.
388 4660 527 4728 Kttbnost‚
544 4661 595 4712 Die
614 4660 812 4727 Hauptpnulrte
832 4659 880 4710 der
898 4658 1089 4711 Livianischen
1108 4655 1225 4725 Syntax,
1243 4673 1305 4725 pag.
1324 4659 1357 4709 60
1375 4672 1450 4723 seqq.

280 4758 301 4823 ³)
319 4753 368 4813 cfr.
386 4755 520 4830 Waepcr,
538 4758 601 4810 hist.
619 4757 697 4824 Synt.
714 4755 735 4820 Ι,
753 4773 780 4823 p.
799 4755 942 4808 147-151.
962 4813 965 4818 ¹
