<?xml version="1.0" encoding="UTF-8"?>
<!DOCTYPE html PUBLIC "-//W3C//DTD XHTML 1.0 Transitional//EN"
    "http://www.w3.org/TR/xhtml1/DTD/xhtml1-transitional.dtd">
<html xmlns="http://www.w3.org/1999/xhtml" xml:lang="en" lang="en">
 <head>
  <title>
</title>
<meta http-equiv="Content-Type" content="text/html;charset=utf-8" />
  <meta name='ocr-system' content='tesseract 3.04.00' />
  <meta name='ocr-capabilities' content='ocr_page ocr_carea ocr_par ocr_line ocrx_word'/>
</head>
<body>
  <div class='ocr_page' id='page_1' title='image "./deauctorisbelli00degegoog_0083.png"; bbox 0 0 3446 5384; ppageno 0'>
   <div class='ocr_carea' id='block_1_1' title="bbox 0 3878 4 4380">
    <p class='ocr_par' dir='ltr' id='par_1_1' title="bbox 0 3878 4 4380">
     <span class='ocr_line' id='line_1_1' title="bbox 0 3878 4 4380; baseline 0 0"><span class='ocrx_word' id='word_1_1' title='bbox 0 3878 4 4380; x_wconf 95' lang='lat' dir='ltr'> </span> 
     </span>
    </p>
   </div>
   <div class='ocr_carea' id='block_1_2' title="bbox 273 381 1721 1493">
    <p class='ocr_par' dir='ltr' id='par_1_2' title="bbox 927 381 968 446">
     <span class='ocr_line' id='line_1_2' title="bbox 927 381 968 446; baseline 0.049 -2"><span class='ocrx_word' id='word_1_2' title='bbox 927 381 968 446; x_wconf 78' lang='grc'>68</span> 
     </span>
    </p>

    <p class='ocr_par' dir='ltr' id='par_1_3' title="bbox 273 612 1721 1493">
     <span class='ocr_line' id='line_1_3' title="bbox 276 612 1644 702; baseline 0.002 -22"><span class='ocrx_word' id='word_1_3' title='bbox 276 621 425 692; x_wconf 61' lang='lat' dir='ltr'>coactum</span> <span class='ocrx_word' id='word_1_4' title='bbox 447 613 562 679; x_wconf 87' lang='lat' dir='ltr'>fuisse.</span> <span class='ocrx_word' id='word_1_5' title='bbox 584 612 639 678; x_wconf 83' lang='lat' dir='ltr'>Ex</span> <span class='ocrx_word' id='word_1_6' title='bbox 663 613 778 681; x_wconf 88' lang='lat' dir='ltr'>eadem</span> <span class='ocrx_word' id='word_1_7' title='bbox 802 635 902 680; x_wconf 85' lang='lat' dir='ltr'>causa</span> <span class='ocrx_word' id='word_1_8' title='bbox 922 615 1175 702; x_wconf 73' lang='lat' dir='ltr'>Appianum,</span> <span class='ocrx_word' id='word_1_9' title='bbox 1198 618 1255 700; x_wconf 91' lang='lat' dir='ltr'>qui</span> <span class='ocrx_word' id='word_1_10' title='bbox 1276 616 1353 685; x_wconf 89' lang='lat' dir='ltr'>bell.</span> <span class='ocrx_word' id='word_1_11' title='bbox 1367 618 1644 702; x_wconf 80' lang='lat' dir='ltr'>oiv.1ib.[1,103</span> 
     </span>
     <span class='ocr_line' id='line_1_4' title="bbox 276 712 1644 815; baseline 0.006 -25"><span class='ocrx_word' id='word_1_12' title='bbox 276 726 358 792; x_wconf 89' lang='lat' dir='ltr'>hacc</span> <span class='ocrx_word' id='word_1_13' title='bbox 390 725 505 791; x_wconf 80' lang='lat' dir='ltr'>tradit:</span> <span class='ocrx_word' id='word_1_14' title='bbox 538 712 578 810; x_wconf 74' lang='grc' dir='ltr'>,ηἶ</span> <span class='ocrx_word' id='word_1_15' title='bbox 606 717 647 811; x_wconf 78' lang='grc' dir='ltr'>δὴ</span> <span class='ocrx_word' id='word_1_16' title='bbox 675 723 731 790; x_wconf 83' lang='grc' dir='ltr'>καί</span> <span class='ocrx_word' id='word_1_17' title='bbox 762 715 909 810; x_wconf 84' lang='grc' dir='ltr'><strong><em>μόλιστα</em></strong></span> <span class='ocrx_word' id='word_1_18' title='bbox 934 725 1075 814; x_wconf 80' lang='grc' dir='ltr'><strong><em>σφαλείς</em></strong></span> <span class='ocrx_word' id='word_1_19' title='bbox 1104 717 1323 815; x_wconf 79' lang='grc' dir='ltr'><strong><em>όΠομπὴϊος</em></strong></span> <span class='ocrx_word' id='word_1_20' title='bbox 1344 721 1402 796; x_wconf 85' lang='grc' dir='ltr'>οέιι</span> <span class='ocrx_word' id='word_1_21' title='bbox 1422 723 1644 813; x_wconf 78' lang='grc' dir='ltr'><strong><em>ἀνεβάλλετο</em></strong></span> 
     </span>
     <span class='ocr_line' id='line_1_5' title="bbox 274 830 1642 928; baseline 0 -22"><span class='ocrx_word' id='word_1_22' title='bbox 274 835 331 928; x_wconf 76' lang='grc' dir='ltr'>την</span> <span class='ocrx_word' id='word_1_23' title='bbox 352 832 474 926; x_wconf 76' lang='grc' dir='ltr'><strong><em>μάχην,</em></strong></span> <span class='ocrx_word' id='word_1_24' title='bbox 505 831 574 906; x_wconf 75' lang='grc' dir='ltr'><strong><em>ἄλλ’</em></strong></span> <span class='ocrx_word' id='word_1_25' title='bbox 596 830 698 916; x_wconf 65' lang='lat' dir='ltr'>aridulo</span> <span class='ocrx_word' id='word_1_26' title='bbox 720 831 854 906; x_wconf 71' lang='grc' dir='ltr'><strong><em>ἐλδόντι</em></strong></span> <span class='ocrx_word' id='word_1_27' title='bbox 885 839 934 926; x_wconf 76' lang='grc' dir='ltr'><strong><em>τῷ</em></strong></span> <span class='ocrx_word' id='word_1_28' title='bbox 958 837 1107 928; x_wconf 87' lang='grc' dir='ltr'><strong><em>Καίσαρι</em></strong></span> <span class='ocrx_word' id='word_1_29' title='bbox 1142 831 1340 924; x_wconf 70' lang='grc' dir='ltr'><strong><em>συνεμάχετο</em></strong></span> <span class='ocrx_word' id='word_1_30' title='bbox 1367 895 1376 912; x_wconf 93' lang='grc'><strong>.</strong></span> <span class='ocrx_word' id='word_1_31' title='bbox 1409 842 1521 910; x_wconf 82' lang='grc' dir='ltr'><strong><em>καίτοι</em></strong></span> <span class='ocrx_word' id='word_1_32' title='bbox 1560 847 1642 910; x_wconf 78' lang='grc' dir='ltr'>τῶν</span> 
     </span>
     <span class='ocr_line' id='line_1_6' title="bbox 274 943 1638 1048; baseline 0.004 -28"><span class='ocrx_word' id='word_1_33' title='bbox 274 951 502 1044; x_wconf 67' lang='grc' dir='ltr'><strong><em>πρεσβυτέρων</em></strong></span> <span class='ocrx_word' id='word_1_34' title='bbox 525 945 616 1037; x_wconf 80' lang='grc' dir='ltr'><strong><em>αίιτηῖ</em></strong></span> <span class='ocrx_word' id='word_1_35' title='bbox 638 943 901 1040; x_wconf 73' lang='grc' dir='ltr'><strong><em>παραινούντων,</em></strong></span> <span class='ocrx_word' id='word_1_36' title='bbox 924 950 961 1018; x_wconf 87' lang='grc' dir='ltr'>ἐκ</span> <span class='ocrx_word' id='word_1_37' title='bbox 983 951 1103 1042; x_wconf 85' lang='grc' dir='ltr'><strong><em>πείρας</em></strong></span> <span class='ocrx_word' id='word_1_38' title='bbox 1125 944 1172 1020; x_wconf 86' lang='grc' dir='ltr'><strong><em>ὦν</em></strong></span> <span class='ocrx_word' id='word_1_39' title='bbox 1193 946 1287 1044; x_wconf 73' lang='lat' dir='ltr'>cippi</span> <span class='ocrx_word' id='word_1_40' title='bbox 1307 979 1343 1022; x_wconf 84' lang='grc' dir='ltr'>τε</span> <span class='ocrx_word' id='word_1_41' title='bbox 1366 951 1543 1048; x_wconf 77' lang='grc' dir='ltr'><strong><em>Φάρσαλον</em></strong></span> <span class='ocrx_word' id='word_1_42' title='bbox 1570 958 1638 1025; x_wconf 81' lang='grc' dir='ltr'>καὶ</span> 
     </span>
     <span class='ocr_line' id='line_1_7' title="bbox 273 1059 1640 1162; baseline -0.002 -26"><span class='ocrx_word' id='word_1_43' title='bbox 273 1061 403 1155; x_wconf 83' lang='grc' dir='ltr'><strong><em>Λιβόην</em></strong></span> <span class='ocrx_word' id='word_1_44' title='bbox 425 1059 668 1146; x_wconf 76' lang='grc' dir='ltr'><strong><em>ἐπεπόνθεσαν,</em></strong></span> <span class='ocrx_word' id='word_1_45' title='bbox 688 1063 851 1155; x_wconf 76' lang='grc' dir='ltr'><strong><em>ἐκτρίβειν</em></strong></span> <span class='ocrx_word' id='word_1_46' title='bbox 872 1066 921 1152; x_wconf 79' lang='grc' dir='ltr'><strong><em>νηί</em></strong></span> <span class='ocrx_word' id='word_1_47' title='bbox 942 1060 1046 1153; x_wconf 82' lang='grc' dir='ltr'><strong><em>χρόνῳ</em></strong></span> <span class='ocrx_word' id='word_1_48' title='bbox 1068 1060 1123 1135; x_wconf 84' lang='grc' dir='ltr'>τόν</span> <span class='ocrx_word' id='word_1_49' title='bbox 1146 1065 1305 1156; x_wconf 89' lang='grc' dir='ltr'><strong><em>Καίσαρα</em></strong></span> <span class='ocrx_word' id='word_1_50' title='bbox 1326 1069 1380 1136; x_wconf 86' lang='grc' dir='ltr'>καί</span> <span class='ocrx_word' id='word_1_51' title='bbox 1404 1067 1438 1146; x_wconf 83' lang='grc' dir='ltr'>ἐς</span> <span class='ocrx_word' id='word_1_52' title='bbox 1463 1069 1640 1162; x_wconf 74' lang='grc' dir='ltr'><strong><em>ἀπορίαν,</em></strong></span> 
     </span>
     <span class='ocr_line' id='line_1_8' title="bbox 274 1173 1721 1270; baseline 0.005 -26"><span class='ocrx_word' id='word_1_53' title='bbox 274 1173 321 1259; x_wconf 79' lang='grc' dir='ltr'><strong><em>τός</em></strong></span> <span class='ocrx_word' id='word_1_54' title='bbox 343 1177 377 1246; x_wconf 82' lang='grc' dir='ltr'><strong><em>ἐν</em></strong></span> <span class='ocrx_word' id='word_1_55' title='bbox 399 1173 555 1270; x_wconf 75' lang='grc' dir='ltr'><strong><em>ἀλλοτρίᾳ</em></strong></span> <span class='ocrx_word' id='word_1_56' title='bbox 576 1179 614 1268; x_wconf 75' lang='grc' dir='ltr'>γῇ</span> <span class='ocrx_word' id='word_1_57' title='bbox 635 1178 827 1269; x_wconf 80' lang='grc' dir='ltr'><strong><em>περιφέρειν</em></strong></span> <span class='ocrx_word' id='word_1_58' title='bbox 849 1189 884 1246; x_wconf 89' lang='lat' dir='ltr'>et</span> <span class='ocrx_word' id='word_1_59' title='bbox 905 1181 956 1247; x_wconf 89' lang='lat' dir='ltr'>his</span> <span class='ocrx_word' id='word_1_60' title='bbox 977 1181 1088 1246; x_wconf 82' lang='lat' dir='ltr'>verbis</span> <span class='ocrx_word' id='word_1_61' title='bbox 1099 1183 1293 1268; x_wconf 88' lang='lat' dir='ltr'>Pompeium</span> <span class='ocrx_word' id='word_1_62' title='bbox 1315 1182 1455 1249; x_wconf 85' lang='lat' dir='ltr'>audacis</span> <span class='ocrx_word' id='word_1_63' title='bbox 1475 1185 1636 1268; x_wconf 83' lang='lat' dir='ltr'>quadum</span> <span class='ocrx_word' id='word_1_64' title='bbox 1720 1229 1721 1232; x_wconf 57' lang='lat'><em>=</em></span> 
     </span>
     <span class='ocr_line' id='line_1_9' title="bbox 273 1293 1634 1384; baseline 0.002 -26"><span class='ocrx_word' id='word_1_65' title='bbox 273 1315 314 1359; x_wconf 90' lang='lat' dir='ltr'>ac</span> <span class='ocrx_word' id='word_1_66' title='bbox 347 1295 531 1360; x_wconf 88' lang='lat' dir='ltr'>temeritate</span> <span class='ocrx_word' id='word_1_67' title='bbox 564 1293 772 1370; x_wconf 86' lang='lat' dir='ltr'>adversarios</span> <span class='ocrx_word' id='word_1_68' title='bbox 802 1295 930 1381; x_wconf 89' lang='lat' dir='ltr'>proelio</span> <span class='ocrx_word' id='word_1_69' title='bbox 961 1294 1135 1362; x_wconf 79' lang='lat' dir='ltr'>lacessisse</span> <span class='ocrx_word' id='word_1_70' title='bbox 1166 1305 1320 1381; x_wconf 88' lang='lat' dir='ltr'>accusat,</span> <span class='ocrx_word' id='word_1_71' title='bbox 1351 1319 1470 1384; x_wconf 85' lang='lat' dir='ltr'>magno</span> <span class='ocrx_word' id='word_1_72' title='bbox 1504 1319 1634 1363; x_wconf 84' lang='lat' dir='ltr'>errore</span> 
     </span>
     <span class='ocr_line' id='line_1_10' title="bbox 274 1407 708 1493; baseline 0.002 -21"><span class='ocrx_word' id='word_1_73' title='bbox 274 1417 406 1493; x_wconf 90' lang='lat' dir='ltr'>captum</span> <span class='ocrx_word' id='word_1_74' title='bbox 429 1408 535 1476; x_wconf 88' lang='lat' dir='ltr'>teneri</span> <span class='ocrx_word' id='word_1_75' title='bbox 557 1407 708 1474; x_wconf 77' lang='lat' dir='ltr'><strong>arbitror.</strong></span> 
     </span>
    </p>
   </div>
   <div class='ocr_carea' id='block_1_3' title="bbox 266 1590 1721 4374">
    <p class='ocr_par' dir='ltr' id='par_1_4' title="bbox 266 1590 1721 4374">
     <span class='ocr_line' id='line_1_11' title="bbox 377 1590 1630 1681; baseline 0 -23"><span class='ocrx_word' id='word_1_76' title='bbox 377 1592 486 1658; x_wconf 83' lang='lat' dir='ltr'>Etiam</span> <span class='ocrx_word' id='word_1_77' title='bbox 509 1593 757 1678; x_wconf 87' lang='lat' dir='ltr'>superstitiosus</span> <span class='ocrx_word' id='word_1_78' title='bbox 779 1591 835 1656; x_wconf 92' lang='lat' dir='ltr'>ille</span> <span class='ocrx_word' id='word_1_79' title='bbox 856 1591 932 1657; x_wconf 89' lang='lat' dir='ltr'>Dio·</span> <span class='ocrx_word' id='word_1_80' title='bbox 945 1590 1089 1676; x_wconf 81' lang='lat' dir='ltr'>Cassius,</span> <span class='ocrx_word' id='word_1_81' title='bbox 1112 1595 1176 1658; x_wconf 88' lang='lat' dir='ltr'>etsi</span> <span class='ocrx_word' id='word_1_82' title='bbox 1188 1594 1380 1680; x_wconf 90' lang='lat' dir='ltr'>Pompeium</span> <span class='ocrx_word' id='word_1_83' title='bbox 1402 1596 1435 1658; x_wconf 87' lang='lat' dir='ltr'>in</span> <span class='ocrx_word' id='word_1_84' title='bbox 1456 1598 1630 1681; x_wconf 84' lang='lat' dir='ltr'>angustiis</span> 
     </span>
     <span class='ocr_line' id='line_1_12' title="bbox 273 1689 1721 1792; baseline 0 -18"><span class='ocrx_word' id='word_1_85' title='bbox 273 1709 376 1778; x_wconf 79' lang='lat' dir='ltr'>fuisse</span> <span class='ocrx_word' id='word_1_86' title='bbox 391 1706 543 1772; x_wconf 88' lang='lat' dir='ltr'>coneedit</span> <span class='ocrx_word' id='word_1_87' title='bbox 565 1704 655 1792; x_wconf 88' lang='lat' dir='ltr'>(vide</span> <span class='ocrx_word' id='word_1_88' title='bbox 667 1728 741 1792; x_wconf 90' lang='lat' dir='ltr'>pag.</span> <span class='ocrx_word' id='word_1_89' title='bbox 754 1707 824 1790; x_wconf 74' lang='lat'>67),</span> <span class='ocrx_word' id='word_1_90' title='bbox 837 1727 979 1792; x_wconf 87' lang='lat' dir='ltr'>pugnam</span> <span class='ocrx_word' id='word_1_91' title='bbox 998 1706 1149 1772; x_wconf 81' lang='lat' dir='ltr'>infaustis</span> <span class='ocrx_word' id='word_1_92' title='bbox 1166 1707 1326 1772; x_wconf 89' lang='lat' dir='ltr'>ominibus</span> <span class='ocrx_word' id='word_1_93' title='bbox 1338 1708 1502 1772; x_wconf 88' lang='lat' dir='ltr'>vitandam</span> <span class='ocrx_word' id='word_1_94' title='bbox 1514 1709 1629 1774; x_wconf 82' lang='lat' dir='ltr'>fuisse</span> <span class='ocrx_word' id='word_1_95' title='bbox 1720 1689 1721 1692; x_wconf 8' lang='grc' dir='ltr'><strong>Ἴ</strong></span> 
     </span>
     <span class='ocr_line' id='line_1_13' title="bbox 272 1818 1624 1908; baseline 0.003 -23"><span class='ocrx_word' id='word_1_96' title='bbox 272 1829 386 1886; x_wconf 89' lang='lat' dir='ltr'>censet</span> <span class='ocrx_word' id='word_1_97' title='bbox 416 1829 450 1887; x_wconf 94' lang='lat' dir='ltr'>et</span> <span class='ocrx_word' id='word_1_98' title='bbox 479 1820 526 1884; x_wconf 93' lang='lat' dir='ltr'>illi</span> <span class='ocrx_word' id='word_1_99' title='bbox 561 1818 636 1885; x_wconf 91' lang='lat' dir='ltr'>duci</span> <span class='ocrx_word' id='word_1_100' title='bbox 657 1827 822 1904; x_wconf 86' lang='lat' dir='ltr'>tamquam</span> <span class='ocrx_word' id='word_1_101' title='bbox 846 1821 1059 1905; x_wconf 82' lang='lat' dir='ltr'>pertinaciam</span> <span class='ocrx_word' id='word_1_102' title='bbox 1081 1829 1181 1905; x_wconf 88' lang='lat' dir='ltr'>atque</span> <span class='ocrx_word' id='word_1_103' title='bbox 1203 1823 1403 1907; x_wconf 78' lang='lat' dir='ltr'>impietatem</span> <span class='ocrx_word' id='word_1_104' title='bbox 1426 1822 1624 1908; x_wconf 83' lang='lat' dir='ltr'>exprobrat.</span> 
     </span>
     <span class='ocr_line' id='line_1_14' title="bbox 271 1928 1623 2020; baseline -0.001 -20"><span class='ocrx_word' id='word_1_105' title='bbox 271 1935 394 2001; x_wconf 83' lang='lat' dir='ltr'>Confer</span> <span class='ocrx_word' id='word_1_106' title='bbox 438 1935 524 2000; x_wconf 87' lang='lat' dir='ltr'>hunc</span> <span class='ocrx_word' id='word_1_107' title='bbox 571 1931 678 1998; x_wconf 88' lang='lat' dir='ltr'>locum</span> <span class='ocrx_word' id='word_1_108' title='bbox 720 1931 896 2016; x_wconf 78' lang='lat' dir='ltr'>XLIII,ss:</span> <span class='ocrx_word' id='word_1_109' title='bbox 967 1931 1230 2000; x_wconf 78' lang='grc' dir='ltr'><strong><em>διακινδυνεῦσαι</em></strong></span> <span class='ocrx_word' id='word_1_110' title='bbox 1275 1928 1453 2020; x_wconf 74' lang='grc' dir='ltr'><strong><em>ἐθελῆσαι,</em></strong></span> <span class='ocrx_word' id='word_1_111' title='bbox 1505 1931 1623 1998; x_wconf 87' lang='grc' dir='ltr'><strong><em>καίτοι</em></strong></span> 
     </span>
     <span class='ocr_line' id='line_1_15' title="bbox 270 2036 1621 2136; baseline -0.004 -20"><span class='ocrx_word' id='word_1_112' title='bbox 270 2050 328 2116; x_wconf 83' lang='grc' dir='ltr'><strong><em>τοῦ</em></strong></span> <span class='ocrx_word' id='word_1_113' title='bbox 350 2045 523 2132; x_wconf 84' lang='grc' dir='ltr'><strong><em>δαιμονίου</em></strong></span> <span class='ocrx_word' id='word_1_114' title='bbox 544 2040 600 2135; x_wconf 81' lang='grc' dir='ltr'>την</span> <span class='ocrx_word' id='word_1_115' title='bbox 622 2037 719 2134; x_wconf 83' lang='grc' dir='ltr'><strong><em>ἧτταν</em></strong></span> <span class='ocrx_word' id='word_1_116' title='bbox 741 2042 957 2135; x_wconf 74' lang='grc' dir='ltr'><strong><em>ἐναργέστατα</em></strong></span> <span class='ocrx_word' id='word_1_117' title='bbox 985 2039 1074 2131; x_wconf 75' lang='grc' dir='ltr'><strong><em>αὐτῷ</em></strong></span> <span class='ocrx_word' id='word_1_118' title='bbox 1101 2036 1375 2136; x_wconf 79' lang='grc' dir='ltr'><strong><em>προσημήναντος.</em></strong></span> <span class='ocrx_word' id='word_1_119' title='bbox 1419 2041 1452 2108; x_wconf 85' lang='lat' dir='ltr'>oi</span> <span class='ocrx_word' id='word_1_120' title='bbox 1475 2043 1534 2128; x_wconf 83' lang='grc' dir='ltr'>μέν</span> <span class='ocrx_word' id='word_1_121' title='bbox 1554 2038 1621 2134; x_wconf 71' lang='lat' dir='ltr'>peip</span> 
     </span>
     <span class='ocr_line' id='line_1_16' title="bbox 270 2150 1623 2251; baseline 0 -25"><span class='ocrx_word' id='word_1_122' title='bbox 270 2159 410 2251; x_wconf 76' lang='grc' dir='ltr'><strong><em>ἱδρῶτες</em></strong></span> <span class='ocrx_word' id='word_1_123' title='bbox 431 2162 496 2228; x_wconf 81' lang='grc' dir='ltr'><strong><em>τεόν</em></strong></span> <span class='ocrx_word' id='word_1_124' title='bbox 519 2152 713 2250; x_wconf 75' lang='grc' dir='ltr'><strong><em>οίηαλμσίτων</em></strong></span> <span class='ocrx_word' id='word_1_125' title='bbox 736 2156 793 2223; x_wconf 83' lang='grc' dir='ltr'>καί</span> <span class='ocrx_word' id='word_1_126' title='bbox 820 2155 855 2223; x_wconf 83' lang='grc' dir='ltr'>αἱ</span> <span class='ocrx_word' id='word_1_127' title='bbox 880 2152 956 2246; x_wconf 76' lang='grc' dir='ltr'><strong><em>ἦχαί</em></strong></span> <span class='ocrx_word' id='word_1_128' title='bbox 989 2159 1056 2226; x_wconf 81' lang='grc' dir='ltr'>τῶν</span> <span class='ocrx_word' id='word_1_129' title='bbox 1079 2155 1327 2248; x_wconf 78' lang='grc' dir='ltr'><strong><em>στρατοπέδων,</em></strong></span> <span class='ocrx_word' id='word_1_130' title='bbox 1357 2150 1399 2224; x_wconf 85' lang='grc' dir='ltr'><strong><em>τό</em></strong></span> <span class='ocrx_word' id='word_1_131' title='bbox 1429 2180 1463 2224; x_wconf 84' lang='grc' dir='ltr'>τε</span> <span class='ocrx_word' id='word_1_132' title='bbox 1493 2157 1566 2238; x_wconf 78' lang='grc' dir='ltr'>ζῶα</span> <span class='ocrx_word' id='word_1_133' title='bbox 1599 2151 1623 2226; x_wconf 76' lang='grc' dir='ltr'>ἃ</span> 
     </span>
     <span class='ocr_line' id='line_1_17' title="bbox 270 2265 1622 2362; baseline -0.005 -21"><span class='ocrx_word' id='word_1_134' title='bbox 270 2269 379 2342; x_wconf 68' lang='grc' dir='ltr'><strong><em>πολλοὶ</em></strong></span> <span class='ocrx_word' id='word_1_135' title='bbox 409 2267 502 2362; x_wconf 74' lang='grc' dir='ltr'><strong><em>παρὰ</em></strong></span> <span class='ocrx_word' id='word_1_136' title='bbox 531 2267 587 2361; x_wconf 81' lang='grc' dir='ltr'>τῆν</span> <span class='ocrx_word' id='word_1_137' title='bbox 614 2269 738 2339; x_wconf 79' lang='grc' dir='ltr'><strong><em>έαοτοίν</em></strong></span> <span class='ocrx_word' id='word_1_138' title='bbox 770 2265 870 2360; x_wconf 74' lang='grc' dir='ltr'><strong><em>φύσιν</em></strong></span> <span class='ocrx_word' id='word_1_139' title='bbox 899 2265 1070 2360; x_wconf 74' lang='grc' dir='ltr'><strong><em>ἐγεννήθη,</em></strong></span> <span class='ocrx_word' id='word_1_140' title='bbox 1101 2269 1157 2338; x_wconf 87' lang='grc' dir='ltr'>καὶ</span> <span class='ocrx_word' id='word_1_141' title='bbox 1186 2269 1222 2337; x_wconf 85' lang='grc' dir='ltr'>αὶ</span> <span class='ocrx_word' id='word_1_142' title='bbox 1256 2272 1357 2358; x_wconf 77' lang='grc' dir='ltr'><strong><em>δᾷδες</em></strong></span> <span class='ocrx_word' id='word_1_143' title='bbox 1387 2267 1421 2335; x_wconf 86' lang='grc' dir='ltr'>αἱ</span> <span class='ocrx_word' id='word_1_144' title='bbox 1452 2265 1536 2358; x_wconf 83' lang='grc' dir='ltr'><strong><em>πρός</em></strong></span> <span class='ocrx_word' id='word_1_145' title='bbox 1556 2265 1622 2345; x_wconf 81' lang='grc' dir='ltr'><strong><em>τός</em></strong></span> 
     </span>
     <span class='ocr_line' id='line_1_18' title="bbox 271 2376 1620 2475; baseline -0.004 -21"><span class='ocrx_word' id='word_1_146' title='bbox 271 2381 399 2470; x_wconf 82' lang='grc' dir='ltr'><strong><em>δασμός</em></strong></span> <span class='ocrx_word' id='word_1_147' title='bbox 420 2383 456 2452; x_wconf 84' lang='grc' dir='ltr'>ἐκ</span> <span class='ocrx_word' id='word_1_148' title='bbox 477 2387 543 2453; x_wconf 77' lang='grc' dir='ltr'>τόν</span> <span class='ocrx_word' id='word_1_149' title='bbox 565 2378 730 2452; x_wconf 79' lang='grc' dir='ltr'><strong><em>όνατολοίν</em></strong></span> <span class='ocrx_word' id='word_1_150' title='bbox 759 2377 917 2470; x_wconf 73' lang='grc' dir='ltr'><strong><em>ᾄττοασαι</em></strong></span> <span class='ocrx_word' id='word_1_151' title='bbox 944 2381 1068 2470; x_wconf 76' lang='grc' dir='ltr'><strong><em>[ταῦτα</em></strong></span> <span class='ocrx_word' id='word_1_152' title='bbox 1093 2381 1153 2475; x_wconf 73' lang='grc' dir='ltr'>γάρ</span> <span class='ocrx_word' id='word_1_153' title='bbox 1182 2382 1215 2451; x_wconf 89' lang='grc' dir='ltr'><strong><em>ἐν</em></strong></span> <span class='ocrx_word' id='word_1_154' title='bbox 1236 2385 1276 2474; x_wconf 83' lang='grc' dir='ltr'><strong><em>τῇ</em></strong></span> <span class='ocrx_word' id='word_1_155' title='bbox 1297 2382 1429 2472; x_wconf 79' lang='grc' dir='ltr'><strong><em>Ἰβηρίᾳ</em></strong></span> <span class='ocrx_word' id='word_1_156' title='bbox 1450 2376 1524 2451; x_wconf 86' lang='grc' dir='ltr'><strong><em>τότε</em></strong></span> <span class='ocrx_word' id='word_1_157' title='bbox 1546 2377 1620 2466; x_wconf 73' lang='grc' dir='ltr'>ἅμα</span> 
     </span>
     <span class='ocr_line' id='line_1_19' title="bbox 271 2487 1617 2588; baseline -0.004 -20"><span class='ocrx_word' id='word_1_158' title='bbox 271 2487 381 2569; x_wconf 79' lang='grc' dir='ltr'><strong><em>πάντα</em></strong></span> <span class='ocrx_word' id='word_1_159' title='bbox 404 2497 611 2588; x_wconf 74' lang='grc' dir='ltr'><strong><em>συνηνέχθη)</em></strong></span> <span class='ocrx_word' id='word_1_160' title='bbox 627 2495 730 2586; x_wconf 79' lang='grc' dir='ltr'><strong><em>σαφές</em></strong></span> <span class='ocrx_word' id='word_1_161' title='bbox 753 2492 855 2582; x_wconf 79' lang='grc' dir='ltr'><strong><em>οὐδέν,</em></strong></span> <span class='ocrx_word' id='word_1_162' title='bbox 878 2492 1051 2588; x_wconf 84' lang='grc' dir='ltr'><strong><em>ὁποτέροις</em></strong></span> <span class='ocrx_word' id='word_1_163' title='bbox 1071 2498 1167 2588; x_wconf 79' lang='grc' dir='ltr'><strong><em>σφῶν</em></strong></span> <span class='ocrx_word' id='word_1_164' title='bbox 1188 2495 1423 2586; x_wconf 81' lang='grc' dir='ltr'><strong><em>προφαίνοιτο,</em></strong></span> <span class='ocrx_word' id='word_1_165' title='bbox 1446 2488 1617 2584; x_wconf 72' lang='grc' dir='ltr'><strong><em>διεδήλου.</em></strong></span> 
     </span>
     <span class='ocr_line' id='line_1_20' title="bbox 271 2601 1615 2702; baseline -0.004 -22"><span class='ocrx_word' id='word_1_166' title='bbox 271 2612 304 2680; x_wconf 81' lang='grc' dir='ltr'>οἱ</span> <span class='ocrx_word' id='word_1_167' title='bbox 330 2612 365 2680; x_wconf 86' lang='grc' dir='ltr'><strong><em>δέ</em></strong></span> <span class='ocrx_word' id='word_1_168' title='bbox 388 2607 429 2702; x_wconf 77' lang='grc' dir='ltr'>δη</span> <span class='ocrx_word' id='word_1_169' title='bbox 451 2605 541 2681; x_wconf 76' lang='lat' dir='ltr'>demi</span> <span class='ocrx_word' id='word_1_170' title='bbox 563 2613 629 2679; x_wconf 76' lang='grc' dir='ltr'><strong><em>τοῖν</em></strong></span> <span class='ocrx_word' id='word_1_171' title='bbox 653 2610 885 2701; x_wconf 85' lang='grc' dir='ltr'><strong><em>στρατοπέδων</em></strong></span> <span class='ocrx_word' id='word_1_172' title='bbox 908 2609 1006 2680; x_wconf 78' lang='grc' dir='ltr'><strong><em>αὐτοῦ</em></strong></span> <span class='ocrx_word' id='word_1_173' title='bbox 1027 2601 1095 2686; x_wconf 81' lang='grc' dir='ltr'><strong><em>τός.</em></strong></span> <span class='ocrx_word' id='word_1_174' title='bbox 1114 2634 1150 2678; x_wconf 88' lang='grc' dir='ltr'>τε</span> <span class='ocrx_word' id='word_1_175' title='bbox 1175 2609 1334 2700; x_wconf 79' lang='grc' dir='ltr'><strong><em>πτέρυγας</em></strong></span> <span class='ocrx_word' id='word_1_176' title='bbox 1361 2608 1530 2688; x_wconf 83' lang='grc' dir='ltr'><strong><em>σείσαντες</em></strong></span> <span class='ocrx_word' id='word_1_177' title='bbox 1558 2610 1615 2675; x_wconf 88' lang='grc' dir='ltr'>καί</span> 
     </span>
     <span class='ocr_line' id='line_1_21' title="bbox 269 2713 1618 2817; baseline -0.004 -22"><span class='ocrx_word' id='word_1_178' title='bbox 269 2721 346 2804; x_wconf 77' lang='grc' dir='ltr'>τούς</span> <span class='ocrx_word' id='word_1_179' title='bbox 368 2715 555 2817; x_wconf 77' lang='grc' dir='ltr'><strong><em>κεραυνούς,</em></strong></span> <span class='ocrx_word' id='word_1_180' title='bbox 577 2713 632 2806; x_wconf 71' lang='grc' dir='ltr'>οὓς</span> <span class='ocrx_word' id='word_1_181' title='bbox 654 2721 688 2790; x_wconf 82' lang='grc' dir='ltr'><strong><em>ἐν</em></strong></span> <span class='ocrx_word' id='word_1_182' title='bbox 709 2731 776 2802; x_wconf 83' lang='grc' dir='ltr'><strong><em>τοῖς</em></strong></span> <span class='ocrx_word' id='word_1_183' title='bbox 793 2724 875 2794; x_wconf 90' lang='grc' dir='ltr'><strong><em>ποσί</em></strong></span> <span class='ocrx_word' id='word_1_184' title='bbox 892 2749 977 2805; x_wconf 82' lang='grc' dir='ltr'><strong><em>τινες</em></strong></span> <span class='ocrx_word' id='word_1_185' title='bbox 995 2718 1101 2792; x_wconf 78' lang='grc' dir='ltr'><strong><em>αὐτόν</em></strong></span> <span class='ocrx_word' id='word_1_186' title='bbox 1122 2724 1261 2812; x_wconf 77' lang='grc' dir='ltr'><strong><em>χρυσοῦς</em></strong></span> <span class='ocrx_word' id='word_1_187' title='bbox 1273 2717 1400 2814; x_wconf 79' lang='grc' dir='ltr'><strong><em>ἔφερον,</em></strong></span> <span class='ocrx_word' id='word_1_188' title='bbox 1423 2713 1618 2808; x_wconf 81' lang='grc' dir='ltr'><strong><em>ἐκβαλόντες</em></strong></span> 
     </span>
     <span class='ocr_line' id='line_1_22' title="bbox 268 2829 1616 2928; baseline -0.003 -22"><span class='ocrx_word' id='word_1_189' title='bbox 268 2838 381 2926; x_wconf 80' lang='grc' dir='ltr'><strong><em>ἐκείνην</em></strong></span> <span class='ocrx_word' id='word_1_190' title='bbox 411 2863 447 2907; x_wconf 86' lang='grc' dir='ltr'>τε</span> <span class='ocrx_word' id='word_1_191' title='bbox 476 2833 513 2908; x_wconf 90' lang='grc' dir='ltr'><strong><em>τό</em></strong></span> <span class='ocrx_word' id='word_1_192' title='bbox 544 2832 641 2906; x_wconf 86' lang='grc' dir='ltr'><strong><em>κακόν</em></strong></span> <span class='ocrx_word' id='word_1_193' title='bbox 670 2832 823 2926; x_wconf 85' lang='grc' dir='ltr'><strong><em>όίντικρνς</em></strong></span> <span class='ocrx_word' id='word_1_194' title='bbox 853 2835 1048 2926; x_wconf 89' lang='grc' dir='ltr'><strong><em>ἐνέσκηπτον</em></strong></span> <span class='ocrx_word' id='word_1_195' title='bbox 1069 2836 1127 2906; x_wconf 82' lang='grc' dir='ltr'>καὶ</span> <span class='ocrx_word' id='word_1_196' title='bbox 1143 2829 1352 2926; x_wconf 82' lang='grc' dir='ltr'>Ιοιότοὶπρός</span> <span class='ocrx_word' id='word_1_197' title='bbox 1373 2829 1429 2904; x_wconf 85' lang='grc' dir='ltr'>τόν</span> <span class='ocrx_word' id='word_1_198' title='bbox 1454 2835 1616 2928; x_wconf 87' lang='grc' dir='ltr'><strong><em>Καίσαρα</em></strong></span> 
     </span>
     <span class='ocr_line' id='line_1_23' title="bbox 269 2941 1614 3042; baseline -0.001 -23"><span class='ocrx_word' id='word_1_199' title='bbox 269 2948 473 3020; x_wconf 83' lang='grc' dir='ltr'><strong><em>όπεπέτοντο</em></strong></span> <span class='ocrx_word' id='word_1_200' title='bbox 488 3004 495 3018; x_wconf 88' lang='grc'><strong>.</strong></span> <span class='ocrx_word' id='word_1_201' title='bbox 509 2944 578 3019; x_wconf 73' lang='grc' dir='ltr'><strong><em>ἄλλ’</em></strong></span> <span class='ocrx_word' id='word_1_202' title='bbox 601 2945 619 3019; x_wconf 82' lang='grc' dir='ltr'>ὅ</span> <span class='ocrx_word' id='word_1_203' title='bbox 639 2975 674 3040; x_wconf 80' lang='grc' dir='ltr'>γε</span> <span class='ocrx_word' id='word_1_204' title='bbox 684 2941 867 3039; x_wconf 78' lang='grc' dir='ltr'><strong><em>Πομπήιος</em></strong></span> <span class='ocrx_word' id='word_1_205' title='bbox 888 2941 922 3017; x_wconf 79' lang='grc' dir='ltr'><strong><em>ἐν</em></strong></span> <span class='ocrx_word' id='word_1_206' title='bbox 943 2974 978 3018; x_wconf 90' lang='grc' dir='ltr'>τε</span> <span class='ocrx_word' id='word_1_207' title='bbox 1001 2944 1157 3042; x_wconf 71' lang='grc' dir='ltr'><strong><em>ὀλιγωρίᾳ</em></strong></span> <span class='ocrx_word' id='word_1_208' title='bbox 1179 2943 1216 3019; x_wconf 86' lang='grc' dir='ltr'><strong><em>τό</em></strong></span> <span class='ocrx_word' id='word_1_209' title='bbox 1237 2941 1409 3032; x_wconf 82' lang='grc' dir='ltr'><strong><em>δαιμόνιον</em></strong></span> <span class='ocrx_word' id='word_1_210' title='bbox 1423 2943 1614 3039; x_wconf 82' lang='grc' dir='ltr'><strong><em>ἐποιήσατο,</em></strong></span> 
     </span>
     <span class='ocr_line' id='line_1_24' title="bbox 268 3055 1612 3152; baseline -0.003 -20"><span class='ocrx_word' id='word_1_211' title='bbox 268 3065 325 3133; x_wconf 79' lang='grc' dir='ltr'>καί</span> <span class='ocrx_word' id='word_1_212' title='bbox 347 3060 365 3133; x_wconf 87' lang='grc' dir='ltr'>ὁ</span> <span class='ocrx_word' id='word_1_213' title='bbox 386 3055 531 3148; x_wconf 82' lang='grc' dir='ltr'><strong><em>πόλεμος</em></strong></span> <span class='ocrx_word' id='word_1_214' title='bbox 553 3057 637 3151; x_wconf 82' lang='grc' dir='ltr'><strong><em>πρός</em></strong></span> <span class='ocrx_word' id='word_1_215' title='bbox 659 3057 767 3150; x_wconf 85' lang='grc' dir='ltr'><strong><em>μόχην</em></strong></span> <span class='ocrx_word' id='word_1_216' title='bbox 789 3057 831 3152; x_wconf 72' lang='grc' dir='ltr'>δὴ</span> <span class='ocrx_word' id='word_1_217' title='bbox 853 3061 1002 3150; x_wconf 85' lang='grc' dir='ltr'><strong><em>κατέστη.</em></strong></span> <span class='ocrx_word' id='word_1_218' title='bbox 1046 3063 1134 3130; x_wconf 84' lang='lat' dir='ltr'>Sane</span> <span class='ocrx_word' id='word_1_219' title='bbox 1164 3062 1340 3131; x_wconf 88' lang='lat' dir='ltr'>verisimile</span> <span class='ocrx_word' id='word_1_220' title='bbox 1370 3071 1422 3128; x_wconf 86' lang='lat' dir='ltr'>est</span> <span class='ocrx_word' id='word_1_221' title='bbox 1452 3085 1492 3129; x_wconf 93' lang='lat' dir='ltr'>eo</span> <span class='ocrx_word' id='word_1_222' title='bbox 1525 3072 1612 3130; x_wconf 91' lang='lat' dir='ltr'>tem-</span> 
     </span>
     <span class='ocr_line' id='line_1_25' title="bbox 271 3175 1612 3267; baseline -0.004 -22"><span class='ocrx_word' id='word_1_223' title='bbox 271 3202 352 3267; x_wconf 92' lang='lat' dir='ltr'>pore</span> <span class='ocrx_word' id='word_1_224' title='bbox 375 3180 540 3245; x_wconf 83' lang='lat' dir='ltr'>mirabiles</span> <span class='ocrx_word' id='word_1_225' title='bbox 570 3200 624 3244; x_wconf 87' lang='lat' dir='ltr'>res</span> <span class='ocrx_word' id='word_1_226' title='bbox 658 3181 690 3242; x_wconf 93' lang='lat' dir='ltr'>in</span> <span class='ocrx_word' id='word_1_227' title='bbox 725 3177 817 3243; x_wconf 90' lang='lat' dir='ltr'>caelo</span> <span class='ocrx_word' id='word_1_228' title='bbox 852 3177 996 3261; x_wconf 86' lang='lat' dir='ltr'>alibique</span> <span class='ocrx_word' id='word_1_229' title='bbox 1023 3197 1096 3240; x_wconf 89' lang='lat' dir='ltr'>esse</span> <span class='ocrx_word' id='word_1_230' title='bbox 1125 3175 1370 3240; x_wconf 87' lang='lat' dir='ltr'>animadversas</span> <span class='ocrx_word' id='word_1_231' title='bbox 1399 3183 1499 3260; x_wconf 89' lang='lat' dir='ltr'>atque</span> <span class='ocrx_word' id='word_1_232' title='bbox 1528 3177 1612 3240; x_wconf 90' lang='lat' dir='ltr'>adeo</span> 
     </span>
     <span class='ocr_line' id='line_1_26' title="bbox 268 3288 1612 3375; baseline -0.005 -17"><span class='ocrx_word' id='word_1_233' title='bbox 268 3294 371 3358; x_wconf 89' lang='lat' dir='ltr'>verba</span> <span class='ocrx_word' id='word_1_234' title='bbox 400 3293 545 3358; x_wconf 91' lang='lat' dir='ltr'>auctoris</span> <span class='ocrx_word' id='word_1_235' title='bbox 576 3293 679 3356; x_wconf 88' lang='lat' dir='ltr'>nostri</span> <span class='ocrx_word' id='word_1_236' title='bbox 709 3310 780 3375; x_wconf 87' lang='lat' dir='ltr'>cap.</span> <span class='ocrx_word' id='word_1_237' title='bbox 810 3288 851 3352; x_wconf 75' lang='lat'>27</span> <span class='ocrx_word' id='word_1_238' title='bbox 881 3288 997 3371; x_wconf 90' lang='lat' dir='ltr'>,luna</span> <span class='ocrx_word' id='word_1_239' title='bbox 1028 3288 1131 3354; x_wconf 90' lang='lat' dir='ltr'>hora</span> <span class='ocrx_word' id='word_1_240' title='bbox 1159 3288 1339 3353; x_wconf 82' lang='lat' dir='ltr'>circiter</span> <span class='ocrx_word' id='word_1_241' title='bbox 1368 3296 1492 3351; x_wconf 81' lang='lat' dir='ltr'>sexta</span> <span class='ocrx_word' id='word_1_242' title='bbox 1520 3289 1612 3351; x_wconf 87' lang='lat' dir='ltr'>visa</span> 
     </span>
     <span class='ocr_line' id='line_1_27' title="bbox 268 3400 1609 3488; baseline -0.006 -18"><span class='ocrx_word' id='word_1_243' title='bbox 268 3406 344 3470; x_wconf 87' lang='lat' dir='ltr'>est‘</span> <span class='ocrx_word' id='word_1_244' title='bbox 366 3425 406 3468; x_wconf 91' lang='lat' dir='ltr'>eo</span> <span class='ocrx_word' id='word_1_245' title='bbox 430 3409 597 3488; x_wconf 86' lang='lat' dir='ltr'>spectare,</span> <span class='ocrx_word' id='word_1_246' title='bbox 632 3401 691 3466; x_wconf 90' lang='lat' dir='ltr'>sed</span> <span class='ocrx_word' id='word_1_247' title='bbox 713 3423 778 3466; x_wconf 93' lang='lat' dir='ltr'>non</span> <span class='ocrx_word' id='word_1_248' title='bbox 800 3405 906 3467; x_wconf 88' lang='lat' dir='ltr'>minus</span> <span class='ocrx_word' id='word_1_249' title='bbox 931 3409 1055 3467; x_wconf 86' lang='lat' dir='ltr'>certum</span> <span class='ocrx_word' id='word_1_250' title='bbox 1079 3410 1131 3467; x_wconf 90' lang='lat' dir='ltr'>est</span> <span class='ocrx_word' id='word_1_251' title='bbox 1161 3403 1268 3466; x_wconf 90' lang='lat' dir='ltr'>omnia</span> <span class='ocrx_word' id='word_1_252' title='bbox 1290 3400 1373 3465; x_wconf 88' lang='lat' dir='ltr'>haec</span> <span class='ocrx_word' id='word_1_253' title='bbox 1394 3407 1548 3486; x_wconf 90' lang='lat' dir='ltr'>portenta</span> <span class='ocrx_word' id='word_1_254' title='bbox 1569 3400 1609 3463; x_wconf 88' lang='lat' dir='ltr'>ad</span> 
     </span>
     <span class='ocr_line' id='line_1_28' title="bbox 266 3511 1608 3604; baseline -0.004 -24"><span class='ocrx_word' id='word_1_255' title='bbox 266 3537 395 3604; x_wconf 85' lang='lat' dir='ltr'>pugnae</span> <span class='ocrx_word' id='word_1_256' title='bbox 408 3515 600 3580; x_wconf 87' lang='lat' dir='ltr'>Mundensis</span> <span class='ocrx_word' id='word_1_257' title='bbox 615 3513 1006 3597; x_wconf 87' lang='lat' dir='ltr'>eventumaccomodata,</span> <span class='ocrx_word' id='word_1_258' title='bbox 1029 3514 1187 3601; x_wconf 88' lang='lat' dir='ltr'>pleraque</span> <span class='ocrx_word' id='word_1_259' title='bbox 1211 3515 1340 3600; x_wconf 88' lang='lat' dir='ltr'>omuino</span> <span class='ocrx_word' id='word_1_260' title='bbox 1363 3511 1404 3574; x_wconf 88' lang='lat' dir='ltr'>ab</span> <span class='ocrx_word' id='word_1_261' title='bbox 1427 3511 1608 3576; x_wconf 90' lang='lat' dir='ltr'>hominibus</span> 
     </span>
     <span class='ocr_line' id='line_1_29' title="bbox 267 3625 1607 3715; baseline -0.002 -23"><span class='ocrx_word' id='word_1_262' title='bbox 267 3627 495 3695; x_wconf 91' lang='lat' dir='ltr'>miraculorum</span> <span class='ocrx_word' id='word_1_263' title='bbox 512 3625 639 3713; x_wconf 88' lang='lat' dir='ltr'>cupidis</span> <span class='ocrx_word' id='word_1_264' title='bbox 667 3631 856 3715; x_wconf 85' lang='lat' dir='ltr'>excogitata</span> <span class='ocrx_word' id='word_1_265' title='bbox 880 3649 963 3694; x_wconf 87' lang='lat' dir='ltr'>esse.</span> <span class='ocrx_word' id='word_1_266' title='bbox 997 3625 1096 3693; x_wconf 90' lang='lat' dir='ltr'>Unde</span> <span class='ocrx_word' id='word_1_267' title='bbox 1108 3628 1155 3710; x_wconf 85' lang='lat' dir='ltr'>fit,</span> <span class='ocrx_word' id='word_1_268' title='bbox 1178 3633 1215 3690; x_wconf 90' lang='lat' dir='ltr'>ut</span> <span class='ocrx_word' id='word_1_269' title='bbox 1237 3625 1321 3690; x_wconf 88' lang='lat' dir='ltr'>hano</span> <span class='ocrx_word' id='word_1_270' title='bbox 1343 3645 1475 3710; x_wconf 78' lang='lat' dir='ltr'>quoque</span> <span class='ocrx_word' id='word_1_271' title='bbox 1496 3645 1607 3689; x_wconf 87' lang='lat' dir='ltr'>narra-</span> 
     </span>
     <span class='ocr_line' id='line_1_30' title="bbox 266 3733 1606 3826; baseline -0.005 -19"><span class='ocrx_word' id='word_1_272' title='bbox 266 3745 387 3808; x_wconf 89' lang='lat' dir='ltr'>tionem</span> <span class='ocrx_word' id='word_1_273' title='bbox 410 3740 527 3806; x_wconf 91' lang='lat' dir='ltr'>Dionis</span> <span class='ocrx_word' id='word_1_274' title='bbox 549 3741 718 3826; x_wconf 88' lang='lat' dir='ltr'>repudicm</span> <span class='ocrx_word' id='word_1_275' title='bbox 742 3741 848 3806; x_wconf 88' lang='lat' dir='ltr'>ethis</span> <span class='ocrx_word' id='word_1_276' title='bbox 870 3733 980 3807; x_wconf 87' lang='lat' dir='ltr'>verbis</span> <span class='ocrx_word' id='word_1_277' title='bbox 1002 3741 1107 3805; x_wconf 85' lang='lat' dir='ltr'>nostri</span> <span class='ocrx_word' id='word_1_278' title='bbox 1121 3739 1263 3803; x_wconf 88' lang='lat' dir='ltr'>auctoris</span> <span class='ocrx_word' id='word_1_279' title='bbox 1279 3757 1350 3822; x_wconf 90' lang='lat' dir='ltr'>cap.</span> <span class='ocrx_word' id='word_1_280' title='bbox 1367 3735 1407 3802; x_wconf 77' lang='lat'>28</span> <span class='ocrx_word' id='word_1_281' title='bbox 1431 3734 1606 3817; x_wconf 88' lang='lat' dir='ltr'>‚Idcirco</span> 
     </span>
     <span class='ocr_line' id='line_1_31' title="bbox 268 3849 1606 3942; baseline -0.008 -20"><span class='ocrx_word' id='word_1_282' title='bbox 268 3859 374 3922; x_wconf 89' lang='lat' dir='ltr'>enim</span> <span class='ocrx_word' id='word_1_283' title='bbox 395 3858 543 3940; x_wconf 87' lang='lat' dir='ltr'>copias</span> <span class='ocrx_word' id='word_1_284' title='bbox 567 3855 798 3939; x_wconf 86' lang='lat' dir='ltr'>eduxerat,</span> <span class='ocrx_word' id='word_1_285' title='bbox 822 3854 935 3942; x_wconf 90' lang='lat' dir='ltr'>quod</span> <span class='ocrx_word' id='word_1_286' title='bbox 958 3852 1297 3918; x_wconf 90' lang='lat' dir='ltr'>Ursaonensium</span> <span class='ocrx_word' id='word_1_287' title='bbox 1321 3849 1512 3929; x_wconf 87' lang='lat' dir='ltr'>civitati,</span> <span class='ocrx_word' id='word_1_288' title='bbox 1542 3851 1606 3931; x_wconf 89' lang='lat' dir='ltr'>qui</span> 
     </span>
     <span class='ocr_line' id='line_1_32' title="bbox 267 3960 1604 4054; baseline -0.007 -22"><span class='ocrx_word' id='word_1_289' title='bbox 267 3971 329 4032; x_wconf 90' lang='lat' dir='ltr'>sni</span> <span class='ocrx_word' id='word_1_290' title='bbox 359 3969 548 4033; x_wconf 76' lang='lat' dir='ltr'>fruissent</span> <span class='ocrx_word' id='word_1_291' title='bbox 576 3969 793 4053; x_wconf 82' lang='lat' dir='ltr'>fautores,</span> <span class='ocrx_word' id='word_1_292' title='bbox 816 3977 943 4034; x_wconf 87' lang='lat' dir='ltr'>antea</span> <span class='ocrx_word' id='word_1_293' title='bbox 965 3967 1141 4054; x_wconf 81' lang='lat' dir='ltr'>litteras</span> <span class='ocrx_word' id='word_1_294' title='bbox 1163 3964 1359 4046; x_wconf 87' lang='lat' dir='ltr'>miserat,</span> <span class='ocrx_word' id='word_1_295' title='bbox 1384 3960 1604 4026; x_wconf 84' lang='lat' dir='ltr'>Caesarem</span> 
     </span>
     <span class='ocr_line' id='line_1_33' title="bbox 266 4076 1603 4162; baseline -0.008 -16"><span class='ocrx_word' id='word_1_296' title='bbox 266 4082 381 4148; x_wconf 90' lang='lat' dir='ltr'>nolle</span> <span class='ocrx_word' id='word_1_297' title='bbox 409 4085 449 4146; x_wconf 91' lang='lat' dir='ltr'>in</span> <span class='ocrx_word' id='word_1_298' title='bbox 481 4083 721 4148; x_wconf 86' lang='lat' dir='ltr'>convallem</span> <span class='ocrx_word' id='word_1_299' title='bbox 754 4080 1043 4162; x_wconf 89' lang='lat' dir='ltr'>descendere,</span> <span class='ocrx_word' id='word_1_300' title='bbox 1074 4076 1188 4161; x_wconf 91' lang='lat' dir='ltr'>quod</span> <span class='ocrx_word' id='word_1_301' title='bbox 1219 4077 1416 4140; x_wconf 89' lang='lat' dir='ltr'>maiorem</span> <span class='ocrx_word' id='word_1_302' title='bbox 1448 4083 1603 4160; x_wconf 88' lang='lat' dir='ltr'>partem</span> 
     </span>
     <span class='ocr_line' id='line_1_34' title="bbox 267 4188 1604 4280; baseline -0.004 -22"><span class='ocrx_word' id='word_1_303' title='bbox 267 4197 697 4261; x_wconf 82' lang='lat' dir='ltr'>exercitustironem</span> <span class='ocrx_word' id='word_1_304' title='bbox 731 4196 931 4261; x_wconf 89' lang='lat' dir='ltr'>haberet‘</span> <span class='ocrx_word' id='word_1_305' title='bbox 963 4195 1085 4280; x_wconf 85' lang='lat' dir='ltr'>optime</span> <span class='ocrx_word' id='word_1_306' title='bbox 1116 4213 1228 4259; x_wconf 87' lang='lat' dir='ltr'>veram</span> <span class='ocrx_word' id='word_1_307' title='bbox 1252 4191 1367 4276; x_wconf 87' lang='lat' dir='ltr'>proelii</span> <span class='ocrx_word' id='word_1_308' title='bbox 1394 4211 1523 4253; x_wconf 88' lang='lat' dir='ltr'>causam</span> <span class='ocrx_word' id='word_1_309' title='bbox 1547 4188 1604 4252; x_wconf 88' lang='lat' dir='ltr'>de-</span> 
     </span>
     <span class='ocr_line' id='line_1_35' title="bbox 266 4305 734 4374; baseline 0.009 -6"><span class='ocrx_word' id='word_1_310' title='bbox 266 4305 420 4370; x_wconf 86' lang='lat' dir='ltr'>claratam</span> <span class='ocrx_word' id='word_1_311' title='bbox 443 4328 516 4372; x_wconf 86' lang='lat' dir='ltr'>esse</span> <span class='ocrx_word' id='word_1_312' title='bbox 541 4309 734 4374; x_wconf 86' lang='lat' dir='ltr'>existimem.</span> 
     </span>
    </p>
   </div>
   <div class='ocr_carea' id='block_1_4' title="bbox 265 4572 1601 4774">
    <p class='ocr_par' dir='ltr' id='par_1_5' title="bbox 265 4572 1601 4774">
     <span class='ocr_line' id='line_1_36' title="bbox 368 4572 1601 4662; baseline -0.002 -22"><span class='ocrx_word' id='word_1_313' title='bbox 368 4574 580 4660; x_wconf 79' lang='lat' dir='ltr'>Quantopere</span> <span class='ocrx_word' id='word_1_314' title='bbox 602 4586 717 4642; x_wconf 88' lang='lat' dir='ltr'>auctor</span> <span class='ocrx_word' id='word_1_315' title='bbox 739 4578 908 4662; x_wconf 83' lang='lat' dir='ltr'>ambiguas</span> <span class='ocrx_word' id='word_1_316' title='bbox 929 4586 1029 4662; x_wconf 89' lang='lat' dir='ltr'>atque</span> <span class='ocrx_word' id='word_1_317' title='bbox 1052 4576 1211 4642; x_wconf 86' lang='lat' dir='ltr'>adversas</span> <span class='ocrx_word' id='word_1_318' title='bbox 1233 4596 1288 4640; x_wconf 89' lang='lat' dir='ltr'>res</span> <span class='ocrx_word' id='word_1_319' title='bbox 1310 4572 1462 4638; x_wconf 81' lang='lat' dir='ltr'>Caesaris</span> <span class='ocrx_word' id='word_1_320' title='bbox 1494 4572 1601 4658; x_wconf 87' lang='lat' dir='ltr'>splen-</span> 
     </span>
     <span class='ocr_line' id='line_1_37' title="bbox 265 4684 1600 4774; baseline -0.001 -24"><span class='ocrx_word' id='word_1_321' title='bbox 265 4686 350 4750; x_wconf 90' lang='lat' dir='ltr'>didis</span> <span class='ocrx_word' id='word_1_322' title='bbox 374 4689 483 4752; x_wconf 82' lang='lat' dir='ltr'>verbis</span> <span class='ocrx_word' id='word_1_323' title='bbox 507 4690 615 4754; x_wconf 89' lang='lat' dir='ltr'>velare</span> <span class='ocrx_word' id='word_1_324' title='bbox 639 4700 738 4774; x_wconf 90' lang='lat' dir='ltr'>atque</span> <span class='ocrx_word' id='word_1_325' title='bbox 759 4695 792 4754; x_wconf 92' lang='lat' dir='ltr'>in</span> <span class='ocrx_word' id='word_1_326' title='bbox 815 4692 930 4755; x_wconf 89' lang='lat' dir='ltr'>melius</span> <span class='ocrx_word' id='word_1_327' title='bbox 954 4700 1083 4756; x_wconf 89' lang='lat' dir='ltr'>vertere</span> <span class='ocrx_word' id='word_1_328' title='bbox 1106 4690 1285 4769; x_wconf 88' lang='lat' dir='ltr'>studuerit,</span> <span class='ocrx_word' id='word_1_329' title='bbox 1308 4709 1350 4752; x_wconf 86' lang='lat' dir='ltr'>ex</span> <span class='ocrx_word' id='word_1_330' title='bbox 1374 4709 1483 4772; x_wconf 79' lang='lat' dir='ltr'>pugna</span> <span class='ocrx_word' id='word_1_331' title='bbox 1507 4684 1600 4749; x_wconf 88' lang='lat' dir='ltr'>Mun-</span> 
     </span>
    </p>
   </div>
   <div class='ocr_carea' id='block_1_5' title="bbox 0 0 1726 5384">
    <p class='ocr_par' dir='ltr' id='par_1_6' title="bbox 0 0 1726 5384">
     <span class='ocr_line' id='line_1_38' title="bbox 0 0 1726 5384; baseline 0 5"><span class='ocrx_word' id='word_1_332' title='bbox 0 0 1726 5384; x_wconf 95' lang='lat' dir='ltr'> </span> 
     </span>
    </p>
   </div>
  </div>
 </body>
</html>
