3446 5384
932 394 973 468 bb

284 628 381 704 baec:
415 627 475 716 ,lta
504 657 577 702 cum
604 632 646 700 ad
669 657 743 702 cum
765 645 937 720 venerunt,
967 638 1059 702 iubet
1080 638 1174 704 binos
1198 659 1302 723 equos
1323 638 1568 721 conscendere,
1602 649 1638 705 et

283 757 376 814 recta
396 769 456 834 per
477 749 741 816 adversariorum
764 749 929 834 praesidia
951 749 994 813 ad
1017 752 1172 837 oppidum
1195 752 1404 818 contendunt.
1440 753 1637 837 Mediisque

284 883 395 928 eorum
418 863 591 948 praesidiis
615 884 686 927 cum
712 871 822 928 esseut
836 907 930 931 .....
953 885 1036 928 unus
1060 885 1103 928 ex
1125 866 1245 928 nostris
1268 863 1451 950 respondit,
1474 873 1511 928 ut
1533 867 1639 930 sileat

283 977 419 1043 verbum
442 977 578 1042 facerer·
600 999 674 1041 nam
697 976 731 1040 id
754 979 911 1062 temporis
934 979 1045 1041 conari
1066 975 1109 1040 ad
1133 999 1258 1042 murum
1280 977 1449 1060 accedere,
1472 988 1510 1043 ut
1532 983 1639 1065 oppi-

283 1090 359 1154 dum
382 1094 531 1175 capiant;
564 1099 597 1156 et
618 1093 736 1176 partim
760 1099 957 1176 tempestate
978 1089 1129 1176 impediti
1149 1091 1268 1174 vigiles
1290 1111 1355 1155 uon
1377 1099 1530 1176 poterant
1556 1092 1639 1156 dili-

282 1205 424 1286 gentiam
448 1210 627 1287 praestare,
650 1205 768 1288 partim
790 1201 846 1268 illo
868 1223 1027 1288 responso
1042 1203 1327 1285 deterrebantur).
1357 1204 1438 1270 Inde
1459 1209 1639 1290 eruptione

282 1317 315 1380 in
345 1312 452 1380 cbstra
481 1314 739 1380 adversariorum
768 1315 859 1381 facta
881 1336 1035 1402 magnam
1067 1324 1193 1399 partem
1222 1315 1403 1397 homiuum,
1432 1321 1489 1401 qui
1518 1320 1553 1381 in
1585 1321 1640 1385 his

282 1430 399 1492 castris
423 1422 544 1510 esseut,
567 1448 603 1493 se
625 1449 730 1514 prope
752 1437 867 1513 captos
891 1449 964 1494 esse
987 1430 1203 1494 existimasse.
1236 1427 1310 1494 Hoc
1332 1433 1432 1494 misso
1454 1429 1497 1494 ad
1520 1429 1638 1494 Uliam

281 1541 444 1627 praesidio
457 1539 632 1606 Caesarem
648 1543 766 1626 ipsum,
789 1548 825 1604 ut
840 1532 1033 1626 Pompeium
1055 1542 1097 1607 ab
1121 1562 1160 1606 ea
1182 1545 1425 1630 oppugnatione
1442 1543 1639 1624 deduceret,

282 1653 483 1720 Cordubam
500 1657 636 1739 petiisse
667 1674 777 1737 exque
803 1656 920 1719 itinere
947 1653 1103 1719 loricatos
1132 1658 1222 1720 viros
1248 1655 1353 1721 fortas
1381 1679 1453 1728 cum
1484 1659 1638 1741 equitatu

281 1769 499 1852 praemisisse.
545 1767 617 1832 Hos
647 1789 721 1831 cum
751 1765 924 1852 oppidanis
951 1787 1147 1853 congressos
1169 1770 1437 1834 tantum'iecisse
1459 1770 1637 1856 proelium,

280 1889 318 1944 nt
348 1903 390 1944 ex
418 1881 544 1944 infinita
575 1882 739 1944 hominum
769 1879 974 1943 multitudine
1003 1883 1101 1964 pauci
1129 1884 1162 1944 in
1185 1883 1341 1968 oppidum
1370 1905 1407 1948 se
1434 1886 1636 1969 reciperent.

281 1994 356 2073 Quo
378 1995 493 2058 timore
516 1992 693 2056 adductum
709 1991 803 2059 Sext.
818 1992 1022 2077 Pompeium,
1045 1995 1102 2077 qui
1120 1993 1307 2060 Cordubam
1330 1997 1473 2076 tenebat,
1496 1997 1636 2060 fratrem

280 2127 375 2170 suum
396 2107 618 2175 arcessivisse.

385 2269 440 2333 Ex
463 2270 513 2334 his
537 2271 635 2334 rebus
659 2268 820 2354 quaedam
843 2269 921 2332 milri
943 2270 1043 2334 mirae
1067 2291 1105 2335 ao
1120 2269 1248 2354 dignae,
1272 2269 1312 2334 de
1330 2271 1449 2355 quibus
1464 2273 1635 2356 copiosius

281 2382 454 2464 disseram,
475 2404 548 2448 esse
570 2381 740 2447 videntur:
772 2379 803 2469 1)
828 2402 910 2465 ,sex
936 2383 1134 2465 cohorteS,
1162 2385 1247 2467 pari
1272 2359 1422 2466 equites
1446 2393 1634 2474 numero‘.

281 2496 362 2562 Cum
394 2496 541 2582 legiones
570 2495 787 2561 Caesarianae
818 2497 947 2558 circiter
978 2496 1110 2578 quinum
1139 2493 1260 2557 milium
1292 2495 1412 2559 fuerint
1442 2494 1632 2578 militumq,

278 2630 483 2693 consequeus
507 2617 574 2691 est,
605 2617 641 2672 ut
664 2608 788 2673 Caesar
818 2607 882 2671 duo
913 2605 967 2670 vel
997 2611 1060 2671 tria
1086 2607 1174 2672 milia
1206 2609 1352 2690 equitum
1379 2606 1475 2671 Uliae
1505 2611 1632 2674 miserit

277 2722 434 2786 subsidio.
466 2721 569 2804 Atqui
592 2743 635 2785 ex
656 2723 764 2806 capite
779 2719 925 2785 secundo
948 2718 1171 2784 intelleximus
1195 2718 1371 2784 Caesarem
1393 2739 1500 2802 neque
1523 2722 1626 2804 ipsum

278 2835 398 2900 multos
432 2836 560 2917 equites
592 2854 703 2898 secum
738 2833 875 2896 duxisse
909 2853 1016 2916 neque
1049 2835 1083 2896 in
1113 2832 1273 2919 Hispania
1303 2835 1500 2916 equitatum,
1533 2855 1628 2916 quem

279 2947 434 3026 voluerit,
458 2944 634 3009 collectum
656 2948 830 3009 invenisse.
876 2943 1035 3024 Quoniam
1059 2939 1168 3010 auteur
1191 2947 1341 3030 scriptor,
1363 2947 1419 3028 qui
1443 2943 1629 3008 discrimina

277 3061 433 3146 temporis
468 3057 718 3144 diligentissime
752 3058 998 3146 significavitil,
1029 3059 1162 3123 tertium
1197 3066 1312 3143 caput,
1344 3078 1408 3141 quo
1432 3056 1537 3120 Uliam
1562 3078 1627 3139 op-

278 3181 453 3258 pugnatam
487 3180 521 3236 et
547 3172 679 3236 auxiliis
706 3171 848 3236 adiutam
881 3192 954 3236 esse
983 3170 1149 3257 proditur,
1179 3170 1229 3234 his
1252 3170 1362 3235 verbis
1384 3171 1498 3253 terat
1517 3167 1620 3230 idem

278 3287 503 3370 temporis‘
526 3287 672 3367 inseruit,
695 3288 780 3349 inter
802 3283 979 3349 adventum
1003 3283 1155 3348 Caesaris
1179 3286 1212 3346 in
1228 3283 1420 3368 Hispaniam
1446 3291 1479 3346 et
1500 3282 1618 3366 praesi-

280 3397 365 3460 dium
389 3397 486 3463 Uliae
516 3400 648 3464 missum
680 3397 930 3482 haudquaquam
960 3397 1061 3483 longa
1093 3418 1185 3463 mora
1214 3406 1266 3463 est
1287 3394 1532 3481 interponenda.
1572 3393 1626 3457 Ne

278 3513 359 3575 mori
376 3509 508 3594 quidem
522 3509 673 3576 Caesaris
688 3508 971 3595 responderemus,
994 3513 1112 3574 sicum
1129 3509 1227 3574 sociis
1245 3508 1342 3573 valde
1358 3510 1487 3572 vexatis
1504 3507 1628 3571 auxilio

279 3625 392 3687 venire
423 3624 478 3688 diu
509 3631 695 3688 cunctatum
724 3643 798 3688 esso
829 3622 1071 3691 arbitraremur.
1116 3621 1327 3707 Quapropter
1359 3641 1467 3704 neque
1501 3621 1630 3702 equites

279 3739 312 3800 in
330 3736 491 3821 Hispania
513 3758 533 3800 a
549 3737 654 3802 Pedio
676 3745 708 3801 et
724 3735 829 3799 Fabio
841 3735 987 3799 Maximo
1010 3734 1167 3800 collectos
1189 3741 1288 3798 antea
1299 3733 1433 3799 Caesari
1450 3733 1630 3798 attributos

279 3872 353 3914 esse
383 3871 491 3934 neque
521 3853 703 3914 exercitum
732 3852 765 3912 in
795 3851 849 3914 via
871 3848 1020 3913 relictum
1042 3850 1106 3912 iam
1129 3846 1303 3912 advenisse
1326 3846 1533 3912 statuendum
1559 3853 1631 3924 esr3

384 4117 405 4184 ¹)
425 4118 472 4168 cfr.
490 4117 663 4184 Marquanlt,
690 4123 757 4171 rom.
776 4117 894 4172 Staatuv.
913 4122 982 4187 ΙΙ,414
1007 4120 1041 4174 A.
1060 4122 1090 4172 2:
1119 4123 1170 4172 Dia
1187 4121 1393 4174 Normalstiirke
1420 4118 1471 4170 der
1488 4117 1632 4180 Lrgiooen

280 4213 405 4280 Caesare,
424 4213 492 4264 iiber
509 4213 615 4263 welche
634 4216 692 4264 eine
711 4215 863 4267 NachrIcht
881 4217 955 4267 nicht
973 4219 1100 4284 vorliegt‚
1118 4221 1226 4268 taxiren
1244 4217 1334 4282 Lange
1348 4219 1417 4282 pia
1437 4215 1490 4264 und
1509 4211 1634 4265 v.Giiler

280 4309 306 4359 S.
325 4311 358 4359 43
377 4310 426 4359 aul
443 4309 510 4359 5000
528 4308 574 4375 M,
594 4309 709 4360 nilmlioh
730 4312 762 4361 10
780 4309 916 4363 Cohorten
935 4327 968 4362 zu
987 4314 1039 4363 480
1056 4313 1093 4364 M.
1113 4313 1167 4364 und
1186 4315 1237 4365 300
1255 4315 1434 4379 antesignani.

385 4429 405 4498 ¹)
424 4431 471 4480 eir.
485 4431 617 4497 Nipperd.
636 4433 720 4497 praes.
739 4447 765 4497 p.
780 4433 827 4484 24:
846 4435 923 4497 ‚Item
942 4435 987 4488 hic
1006 4449 1112 4502 quoque
1131 4435 1200 4486 liber
1216 4450 1262 4486 res
1280 4439 1370 4501 gestas
1387 4435 1535 4486 secundnm
1555 4439 1632 4485 tem-

280 4530 354 4593 poris
373 4526 494 4577 ordinem
512 4527 595 4577 babet
613 4527 773 4592 dispositas,
792 4529 840 4579 sed
860 4531 929 4581 adeo
948 4531 1105 4592 fastidiose,
1124 4535 1155 4581 ut
1173 4534 1199 4580 in
1217 4531 1299 4596 longe
1317 4533 1435 4582 maxima
1452 4537 1546 4599 parte,
1565 4531 1630 4580 inde

280 4626 314 4675 ab
333 4624 488 4674 obsessione
507 4623 585 4675 Uliae
603 4641 689 4689 usque
708 4625 742 4675 ad
761 4641 877 4691 pugnam
898 4627 1090 4690 Mundensem,
1109 4641 1163 4678 non
1181 4632 1301 4690 tantum,
1321 4627 1384 4691 quid
1403 4643 1565 4693 unoquoque
1585 4629 1630 4678 dis

278 4725 383 4784 gestum
394 4723 438 4784 sit,
457 4723 602 4784 separatim
613 4722 751 4784 referatur,
770 4721 819 4773 aed
831 4725 912 4772 etlam
923 4721 980 4774 dies
993 4728 1021 4774 et
1030 4728 1125 4774 noctes
1136 4728 1217 4786 utque
1227 4728 1319 4787 partes
1331 4738 1422 4774 aarum
1434 4722 1628 4788 diiunguntur‘.
