3446 5384
799 445 839 511 79

715 555 921 564 -.,.----.

250 687 420 752 Actanren
438 684 589 770 scriptor,
612 685 673 749 etsi
686 681 836 750 Caesaris
858 683 967 751 studio
990 684 1083 749 nimis
1105 683 1254 771 indulget
1265 686 1485 770 maioremque

119 802 321 884 aequitatis
332 801 547 882 veritatisque
570 800 726 862 iacturam
749 797 840 879 facit,
864 798 1024 882 omnibus,
1047 801 1178 882 quires
1201 801 1232 862 in
1242 799 1402 885 Hispania
1421 808 1488 865 tum

121 920 259 997 gestas
280 913 471 997 perquirere
494 918 528 975 et
549 908 633 975 hanc
655 910 759 975 civilis
783 909 860 976 belli
872 920 999 996 portem
1016 919 1158 976 tractare
1170 913 1310 976 animum
1322 911 1489 996 inducunt,

123 1025 281 1090 consilio
309 1023 514 1090 adhibendus
541 1032 639 1106 atque
665 1021 749 1089 adeo
772 1024 924 1110 princeps
946 1032 1060 1088 auctor
1082 1022 1274 1090 iudicandus
1299 1034 1358 1091 est.
1404 1027 1488 1091 Nam

123 1161 203 1202 non
231 1138 337 1204 solum
361 1159 414 1215 ea,
442 1157 527 1222 quae
551 1137 648 1204 etiam
669 1135 757 1222 apud
780 1137 919 1202 Dionem
943 1135 1192 1219 xhlssps-a
1214 1136 1268 1203 vel
1291 1139 1489 1224 Appianum,

124 1251 216 1314 bell.
239 1253 300 1315 civ.
321 1249 508 1332 Ilpa-ros
527 1249 581 1314 vel
594 1248 814 1331 Plutarchum,
837 1251 892 1314 vit.
906 1247 1001 1319 Caes.
1012 1250 1053 1314 56
1076 1251 1130 1317 vel
1144 1252 1318 1337 Velleium,
1340 1253 1412 1338 Ilpa
1435 1254 1490 1320 vel

125 1362 288 1450 Florum,
304 1366 380 1448 epit.
399 1364 468 1445 Ilpa
484 1362 604 1429 tradita
624 1363 786 1449 leguntur,
808 1363 911 1428 multo
933 1367 1117 1430 accuratius
1139 1368 1368 1451 copiosiusque
1380 1377 1491 1433 narrat

128 1489 169 1544 et
216 1480 365 1566 explicat
397 1499 437 1544 ac
475 1481 651 1565 praecipue
696 1483 845 1550 naturam
885 1474 1030 1541 locorum
1064 1485 1098 1542 et
1129 1480 1287 1563 temporis
1326 1488 1490 1545 momenta

123 1590 394 1676 ,diligentissimo
417 1590 596 1676 significat,
619 1589 679 1655 sed
703 1591 800 1654 etiam
822 1588 934 1671 multa,
958 1610 1043 1673 quae
1066 1588 1153 1674 apud
1176 1589 1258 1654 aiios
1279 1590 1376 1677 plone
1399 1592 1490 1657 desi-

129 1704 310 1788 derantur,
320 1703 601 1789 memoriaprodit.
624 1704 683 1768 cfr.
692 1724 762 1789 cap.
773 1703 910 1768 20-27.
936 1703 1094 1784 Quamvis
1103 1707 1210 1766 autem
1219 1701 1487 1788 singulasuorum

131 1814 506 1901 commodoindulgens
520 1818 704 1897 mutaverit,
727 1817 858 1881 auxerit
879 1817 1040 1898 minuerit,
1064 1823 1171 1880 tamen
1193 1837 1235 1881 ne
1249 1837 1343 1882 unam
1359 1816 1489 1900 quidem

130 1951 209 1994 rem
234 1949 294 2014 per
315 1951 351 1994 se
374 1931 478 2015 ipsam
500 1939 609 1996 mente
631 1928 740 1994 fictam
764 1935 797 1994 et
815 1931 1036 2014 excogitatam
1057 1948 1130 1993 esse
1144 1926 1359 1993 demonstrari
1369 1934 1489 2012 potest.

132 2040 261 2126 Itaque
299 2041 444 2106 libellum
485 2050 630 2106 nostrum
671 2043 834 2107 historicis
868 2041 1121 2126 haudquaquam
1161 2040 1420 2125 neglegendum,
1456 2047 1490 2102 at

131 2153 262 2218 iudicio
273 2153 414 2238 quodam
426 2152 646 2220 adhibendum
660 2163 745 2221 etex
760 2153 832 2218 aliis
845 2153 1032 2218 auctoribus
1045 2152 1271 2238 corrigendum
1286 2158 1319 2216 ot
1331 2151 1488 2238 supplen-

134 2266 219 2328 dum
244 2287 317 2330 esse
341 2265 491 2349 equidem
514 2266 663 2335 arbitror.
