3446 5384
773 457 945 519 53-

104 690 242 757 didisse
266 701 300 758 et
314 695 420 779 ipsum
442 691 486 758 ad
499 691 608 772 Uliam
630 695 818 772 revertisse,
841 698 878 754 ut
891 689 1021 755 credam
1045 703 1109 755 non
1125 691 1280 775 adducor,
1303 694 1362 760 sed
1384 718 1463 760 sen-

103 808 220 872 tentia
242 827 314 870 mea
344 815 395 872 est
423 807 523 873 haec:
554 806 613 872 Cn.
637 806 830 890 Pompeium
852 803 1085 868 munitionibus
1117 799 1150 868 et
1179 807 1354 890 praesidiis
1376 807 1462 874 Cor-

105 919 225 985 dubae
246 921 311 983 iam
333 927 430 984 antea
444 920 600 984 institutis
615 918 736 984 fretum
752 919 855 1002 primo
869 915 978 980 Uliam
994 937 1185 1004 oppugnare
1206 941 1271 983 non
1286 919 1462 1004 destitisse,

105 1039 235 1117 postea
256 1053 330 1098 cum
353 1032 485 1097 auxiliis
501 1032 644 1100 hostium
666 1032 701 1094 in
722 1030 837 1095 urbem
861 1029 943 1094 olam
966 1031 1074 1098 missis
1094 1029 1235 1129 facultas
1252 1032 1463 1118 expugnandi

105 1145 139 1210 si
163 1167 232 1210 non
253 1147 286 1210 in
309 1153 519 1231 perpetuum,
552 1152 642 1210 certe
670 1145 705 1208 in
726 1143 861 1228 longum
883 1151 973 1207 esset
994 1140 1125 1208 sublata
1147 1143 1327 1225 etSextus
1348 1147 1462 1221 frater,

107 1265 149 1324 ut
172 1258 326 1324 celeriter
355 1257 418 1322 sibi
447 1255 594 1322 subsidio
624 1257 769 1338 veniret,
798 1255 925 1321 litteras
947 1258 1108 1337 misisset,
1140 1254 1218 1322 Ulia
1247 1256 1362 1323 relicte
1390 1275 1462 1323 enm

109 1371 221 1456 copiis
243 1369 286 1435 ad
309 1356 504 1435 Cordubam
518 1391 592 1437 esse
614 1370 809 1456 profectum.

219 1484 275 1550 Ex
303 1486 366 1551 hac
394 1485 531 1550 duorum
553 1486 748 1570 scriptorum
779 1484 1022 1567 comparatione
1051 1479 1230 1547 derivanda
1260 1492 1336 1549 sunt
1364 1484 1462 1550 haec:

111 1599 147 1686 1)
161 1607 279 1664 auctor
299 1605 412 1664 noster
433 1597 563 1664 silentio
586 1596 820 1682 praetermittit
842 1593 1028 1668 Caesarem,
1051 1593 1108 1658 ubi
1130 1597 1162 1658 in
1183 1593 1376 1680 Hispaniam
1399 1595 1462 1662 ad-

110 1715 257 1794 venerit,
289 1711 414 1776 frustra
436 1709 479 1774 ad
501 1708 612 1777 Uliam
634 1710 729 1796 signa
750 1706 882 1790 tulisse3
911 1707 946 1789 2)
967 1707 1188 1773 DioCassius
1211 1731 1289 1774 saue
1312 1709 1464 1776 concedit

110 1825 241 1891 auxilia
256 1823 384 1890 occulte
406 1811 535 1908 (νυκτός
550 1813 680 1906 λαθών)
703 1819 800 1886 Uliae
823 1841 897 1885 esse
911 1822 1039 1904 iniecta,
1063 1821 1122 1886 sed
1138 1821 1217 1886 nihil
1232 1831 1465 1888 commemorat
1482 1812 1483 1818 ἵ

111 1939 157 2004 de
180 1940 271 2020 mira,
294 1957 359 2021 qua
381 1935 506 2002 auxilia
527 1935 561 1998 in
581 1933 696 1998 urbem
718 1935 879 2015 venerint,
902 1933 1038 2013 ratione,
1061 1932 1141 1997 nihil
1164 1933 1206 1999 de
1227 1937 1397 2020 eruptione
1420 1957 1463 2000 ex
1499 1942 1503 1950 '

113 2051 237 2138 oppido
260 2051 366 2132 facta,
398 2047 478 2113 nihil
500 2047 543 2114 de
564 2067 702 2135 magna,
726 2067 823 2132 quarn
846 2045 1032 2110 Caesariani
1061 2046 1147 2126 apud
1171 2045 1359 2112 Cordubam
1390 2047 1464 2114 edi-

113 2165 234 2249 derint,
256 2163 360 2230 olade.
401 2160 476 2227 Etsi
497 2162 598 2247 igitur
621 2160 705 2226 haec
727 2162 836 2226 omnia
858 2167 968 2224 mente
990 2160 1133 2223 auctoris
1155 2159 1250 2224 fictas
1273 2180 1347 2226 esse
1369 2182 1464 2246 nego,

115 2302 156 2346 ea
176 2287 285 2344 tamen
314 2299 380 2341 non
408 2277 455 2341 ita
483 2277 593 2360 magni
615 2273 771 2340 momenti
791 2273 909 2354 fuisse,
940 2271 1000 2338 sed
1028 2292 1049 2336 a
1073 2273 1251 2357 scriptore,
1282 2280 1318 2337 ut
1339 2276 1463 2338 irritum

113 2393 268 2458 Caesaris
290 2387 456 2475 inceptum
478 2389 716 2468 occultaretur,
745 2386 840 2452 nimis
862 2394 1040 2452 exornatas
1071 2407 1111 2452 ao
1141 2393 1360 2472 exaggeratas
1391 2409 1465 2456 esse

116 2505 266 2572 arbitror.

219 2728 258 2794 In
287 2730 401 2814 quinto
429 2729 555 2814 capite,
584 2747 650 2812 quo
678 2732 795 2792 auctor
813 2745 941 2790 rerum
961 2724 1049 2810 apud
1079 2724 1266 2791 Cordubam
1295 2733 1462 2811 gestarum

119 2825 305 2907 memoriam
319 2842 530 2919 continuavit,
542 2839 678 2924 legimus
692 2839 791 2904 haee:
814 2837 1014 2922 ,(Caesar)
1029 2846 1158 2923 ponte
1180 2838 1296 2904 facto
1320 2841 1464 2922 copias

123 2955 172 3020 ad
202 2963 340 3020 castra
370 2954 597 3038 tripartito
629 2951 835 3018 traduxit.
884 2949 977 3016 Huc
1006 2970 1090 3014 cum
1121 2952 1349 3036 Pompeius
1378 2972 1464 3015 cum

123 3069 209 3132 suis
243 3067 382 3151 copiis
415 3067 629 3144 venisset,
668 3085 717 3129 ex
757 3064 942 3131 adverso
984 3066 1077 3149 pari
1117 3066 1284 3128 ratione
1327 3072 1465 3130 castra

121 3182 247 3266 ponit.
282 3178 453 3260 Caesar,
490 3185 535 3244 ut
567 3197 654 3242 eum
688 3178 736 3243 ab
770 3176 927 3263 oppido
963 3185 1280 3261 commeatuque
1315 3178 1464 3243 exclu-

121 3292 256 3368 deret,
298 3290 517 3356 brachium
556 3287 606 3354 ad
649 3297 817 3374 pontem
854 3288 1006 3354 ducere
1047 3291 1217 3375 coepit‘.
1269 3291 1465 3358 Rectissime

121 3403 318 3470 Clarkius
341 3403 383 3469 de
406 3403 469 3468 hoc
490 3411 592 3491 ponte
614 3404 897 3468 commemoravit:
926 3422 1002 3483 ,non
1022 3401 1122 3482 illum,
1145 3410 1182 3466 ut
1205 3404 1335 3487 opinor,
1366 3404 1475 3486 quem'

121 3501 244 3582 fecerat
265 3515 389 3584 Caesar
417 3516 461 3580 ad
489 3517 669 3582 exercitum
697 3537 791 3581 suum
820 3513 1074 3598 traducendum,
1105 3515 1165 3580 sed
1197 3522 1331 3601 pontem
1363 3517 1462 3582 alium

123 3630 240 3715 oppido
262 3632 543 3716 propinquiorem
577 3649 773 3713 quamquam
794 3627 875 3692 nihil
898 3626 1039 3694 dilucide
1060 3633 1229 3692 narratur‘.
1274 3630 1364 3694 Haec
1385 3651 1463 3696 sen-

122 3745 221 3809 tentia
242 3752 333 3809 certo
356 3751 408 3808 est
429 3741 611 3829 probanda,
633 3739 723 3826 quod
746 3742 858 3824 verba,
878 3761 968 3826 ,quae
990 3740 1089 3827 paulo
1112 3742 1196 3806 infra
1219 3748 1366 3807 exstant:
1391 3744 1463 3826 ,hic

122 3859 234 3922 inter
256 3855 383 3922 duces
406 3853 511 3922 duos
533 3856 591 3920 fit
613 3857 854 3936 contentio,
884 3863 977 3920 uter
1005 3856 1123 3940 prius
1151 3863 1463 3940 pontemoceu-

123 3970 274 4053 parat‘,
296 3970 325 4034 si
353 3989 436 4034 unus
466 3978 500 4034 et
528 3967 617 4035 idem
645 3974 730 4054 p'ons
761 3975 866 4048 esset,
897 3987 994 4052 quem
1026 3961 1150 4032 Caesar
1181 3971 1306 4052 posuit,
1339 3969 1462 4036 nullum

122 4082 265 4148 facerent
285 4083 494 4150 intellectum.
540 4082 615 4163 Qua
636 4081 679 4148 de
701 4083 909 4149 contentione
931 4089 1046 4144 auctor
1067 4083 1193 4166 pergit:
1222 4081 1463 4162 ,cotidiana

122 4197 277 4260 minuta
308 4195 478 4281 proelia
511 4193 695 4278 fiebant,
729 4195 773 4259 ut
812 4193 931 4258 modo
972 4194 1029 4275 hi,
1063 4216 1358 4280 nonnunquam
1394 4185 1463 4260 illi

124 4310 365 4392 superiores
388 4305 674 4376 discederent.
719 4308 923 4388 Quaeres
946 4329 1035 4373 cum
1058 4308 1108 4372 ad
1136 4311 1333 4375 maiorem
1364 4332 1463 4377 oon·

124 4422 348 4486 tentionem
390 4421 600 4500 venisset,
643 4420 692 4485 ab
734 4423 928 4506 utrisque
969 4422 1199 4486 comminus
1244 4425 1464 4489 commissa

124 4539 205 4620 (oum
228 4533 380 4620 Dintero)
402 4555 542 4624 pugna
570 4536 733 4619 iniqua,
763 4533 853 4599 dum
884 4535 1087 4620 cupidius
1116 4535 1253 4601 locum
1282 4536 1464 4602 student

124 4659 281 4729 tenere,
303 4656 480 4733 propter
502 4653 674 4734 pontem
697 4647 1116 4734 coangustabantur,
1138 4648 1327 4714 fluminis
1349 4651 1463 4734 ripas

123 4763 522 4847 appropinquantes
573 4763 857 4846 coangustati
900 4762 1321 4848 praecipitabantur.
1386 4761 1465 4826 Hic
