3446 5384
784 1597 818 1680 Ι.

271 1825 335 1908 De
362 1825 613 1906 elocutione
640 1823 841 1906 auctoris
867 1823 979 1905 belli
1005 1825 1332 1929 Hispaniensis,

232 2036 347 2104 Oratio
366 2038 481 2103 incerti
496 2038 639 2102 auctoris
658 2035 737 2102 belli
750 2035 979 2124 Hispaniensis
995 2059 1060 2103 non
1077 2038 1183 2104 solum
1199 2042 1285 2105 omni
1297 2039 1473 2126 splendore

126 2176 167 2220 ae
190 2151 393 2239 granditate,
424 2149 484 2216 sed
508 2153 605 2217 ctiam
628 2153 715 2216 omni
736 2149 872 2218 lenitate
899 2159 933 2218 et
957 2151 1121 2238 elegantia
1142 2155 1190 2219 ita
1213 2160 1321 2237 caret,
1353 2164 1475 2222 utnon

126 2268 244 2330 iniuria
272 2264 379 2346 rudis,
413 2260 545 2329 horrida
573 2261 806 2348 inconditaque
842 2285 915 2331 esse
943 2262 1070 2330 dicatur
1081 2264 1115 2353 ¹).
1159 2265 1244 2332 Nam
1275 2287 1329 2333 res
1358 2277 1474 2354 gestae

128 2379 305 2444 enuntiatis
318 2376 486 2460 brevibus,
508 2375 715 2462 praestantia,
739 2379 826 2442 omni
843 2387 959 2444 ornatu
976 2378 1073 2446 nudis
1094 2402 1138 2447 ex
1153 2379 1247 2447 diarii
1263 2401 1353 2447 more
1369 2385 1475 2468 magis

123 2497 355 2557 enumerantur
385 2510 482 2576 quam
512 2497 694 2555 narrantur.
738 2489 790 2556 Ac
818 2499 929 2556 tamen
958 2489 1045 2557 hunc
1066 2495 1277 2579 scriptorem,
1308 2514 1406 2579 quem
1431 2515 1474 2560 ex

120 2625 243 2690 magna
261 2583 408 2668 siccitate
432 2610 466 2668 ct
481 2600 623 2668 duritate
641 2601 771 2668 dicendi
793 2601 944 2670 laborare
961 2607 1074 2690 negari
1097 2627 1161 2671 non
1177 2614 1299 2692 potest,
1322 2605 1473 2672 videmus

120 2714 286 2782 interdum
308 2714 351 2781 ad
372 2714 529 2803 grandem
557 2737 596 2782 ac
617 2736 825 2782 numerosam
850 2718 1030 2783 orationem
1052 2737 1230 2804 assurgere
1252 2718 1372 2784 conari.
1416 2717 1474 2783 In-

122 2832 237 2916 primis
267 2832 409 2896 insertas
439 2831 604 2894 orationes
627 2829 712 2914 (cap.
738 2829 777 2894 17
807 2835 842 2894 et
863 2827 920 2915 42)
949 2837 983 2895 et
1008 2828 1207 2914 proeliorum
1235 2827 1474 2916 descriptiones

121 2944 218 3007 nimis
239 2941 323 3008 altas
346 2949 380 3008 et
402 2945 623 3028 exaggeratas
647 2961 721 3007 esse
744 2951 884 3028 apparet
906 2963 951 3008 ex
972 2942 1022 3008 his
1048 2941 1227 3028 exemplis:

228 3056 291 3133 lla
315 3057 387 3141 ,qui
409 3053 572 3139 legionum
594 3061 645 3120 tot
666 3057 808 3140 impetus
831 3063 1117 3138 sustentantes,
1140 3057 1308 3121 nocturnis
1332 3053 1475 3121 diurnis-

122 3190 189 3254 que
212 3169 414 3255 temporibus
437 3167 620 3255 gladiorum
642 3171 727 3235 ictus
740 3168 947 3254 telorumque
963 3171 1082 3236 missus
1101 3177 1345 3255 exspectantes,
1368 3168 1475 3235 relicti

122 3290 158 3346 et
180 3281 300 3347 deserti
332 3304 353 3347 a
374 3281 551 3368 Pompeio,
582 3291 640 3347 tua
670 3283 793 3349 virtute
821 3285 968 3368 superati
998 3282 1136 3350 salutem
1166 3305 1187 3348 a
1216 3291 1275 3348 tua
1304 3282 1475 3348 clementia

122 3393 353 3478 deposcimus’.
367 3431 409 3442 -
420 3394 488 3476 etp
510 3396 709 3479 ,insequenti
720 3403 877 3481 praetura
889 3394 1046 3482 ampliato
1058 3393 1182 3487 honore
1194 3395 1379 3482 vectigalia,
1391 3415 1477 3480 quae

122 3506 279 3573 Metellus
293 3509 516 3595 imposuisset,
532 3531 552 3574 a
566 3518 683 3574 senatu
696 3511 822 3595 petisse
839 3516 872 3575 et
890 3530 929 3575 ea
944 3511 1085 3595 pecunia
1100 3510 1301 3595 provinciam
1316 3497 1476 3574 liberasse
1499 3549 1503 3558 x

121 3620 285 3704 simulque
306 3624 488 3708 patrocinio
511 3630 666 3707 suscepto
688 3621 799 3687 multis
821 3621 1042 3707 legationibus
1069 3622 1112 3689 ab
1134 3644 1172 3690 se
1194 3624 1227 3687 in
1250 3629 1399 3689 senatum
1421 3622 1475 3684 in-

121 3732 231 3798 ductis
253 3733 349 3799 simul
378 3734 517 3820 publicis
547 3734 752 3819 privatisque
783 3738 891 3801 causis
914 3735 1092 3803 multorum
1116 3739 1290 3803 inimicitiis
1313 3736 1475 3821 susceptis

122 3843 334 3915 defendisse‘.
347 3883 387 3896 -
401 3847 445 3930 5,s
463 3869 483 3903 a
498 3871 510 3910 r
523 3845 610 3928 ,dum
623 3846 772 3932 cupidius
783 3846 890 3913 locum
902 3847 1037 3916 student
1048 3857 1174 3928 tenere,
1197 3856 1331 3934 propter
1343 3853 1476 3935 pontem

122 3959 433 4044 coangustabantur,
455 3960 596 4025 fluminis
616 3963 705 4046 ripas
726 3965 1030 4048 appropinquantes
1051 3965 1258 4050 coangustati
1276 3961 1476 4048 praecipita-

120 4073 252 4139 bantur,
285 4073 350 4139 Hic
366 4072 500 4140 alternis
512 4094 577 4138 non
590 4071 696 4139 solum
710 4074 809 4139 morti
826 4082 966 4141 mortem
979 4073 1238 4162 exaggerabant,
1261 4072 1321 4140 sed
1332 4071 1475 4138 tumulos

120 4185 256 4252 tumulis
279 4183 530 4271 exaequabant'.
554 4205 595 4232 -·-
618 4185 675 4268 31,
698 4207 779 4251 ectr
809 4185 878 4271 ‚Ita
900 4209 973 4254 cum
1002 4187 1126 4255 clamor
1156 4194 1246 4254 esset
1268 4185 1476 4252 intermixtus

118 4300 245 4384 gemitu
259 4297 508 4385 gladiorumque
521 4301 665 4385 crepitus
683 4299 818 4365 auribus
834 4298 976 4381 oblatus,
998 4300 1224 4386 imperitorum
1239 4306 1365 4363 mentes
1378 4299 1476 4362 timor
1494 4327 1498 4330 ·

120 4409 368 4496 praepediebat.
413 4405 492 4494 Hic,
520 4391 558 4475 ut
579 4411 626 4476 ait
647 4409 789 4498 Ennius,
811 4433 872 4498 pes
895 4413 981 4499 pede
1005 4413 1183 4499 premitur,
1205 4413 1303 4478 armis
1325 4417 1476 4478 teruntur

119 4527 225 4590 arma‘
250 4532 313 4590 etc.

228 4737 248 4804 ¹)
266 4734 321 4789 Otr.
338 4735 472 4803 Nipperd.
488 4736 574 4803 praei.
589 4751 616 4802 p.
630 4737 663 4789 30
682 4743 711 4788 et
726 4737 848 4806 Madvig,
864 4739 972 4790 advers.
993 4741 1052 4790 crit.
1067 4737 1103 4804 11,
1122 4753 1149 4803 p.
1168 4737 1227 4787 289.

117 4831 120 4836 “
1305 4829 1319 4884 1
