3446 5384
813 367 850 430 'll

151 602 356 685 defendisse,
380 611 416 667 ut
430 602 621 668 Caesariani
643 623 747 686 prope
770 603 927 666 victoriae
951 601 1148 680 diffiderent,
1171 602 1230 666 sed
1253 603 1332 665 nihil
1354 603 1502 667 audimus

151 715 198 781 de
217 717 489 780 Caesarianorum
507 733 651 794 recessu,
674 713 753 776 nihil
772 713 813 778 de
828 713 981 778 Caesaris
1003 725 1091 776 ructu
1115 720 1215 797 atque
1237 717 1336 796 facto,
1358 713 1438 779 nihil
1461 714 1502 780 de

151 828 285 914 Bogudi
307 830 430 914 impetn
453 835 487 893 et
508 827 647 892 mirabili
668 827 787 912 proelii
810 829 912 892 exitu.
942 826 972 890 E
992 830 1154 892 contrario
1177 829 1286 894 multis
1308 851 1348 894 ac
1371 829 1502 895 tumidis

151 941 265 1006 verbis
288 948 437 1006 narratur
459 941 573 1006 hostes
597 942 737 1026 pilorum
760 942 861 1004 missu
884 942 1060 1004 maximnm
1077 939 1307 1006 detrimentum
1335 945 1503 1028 accepisse

153 1063 190 1120 et
223 1056 343 1120 eximia
373 1057 493 1119 virtute
522 1074 672 1136 suorum,
702 1054 848 1138 inprimis
877 1045 1147 1135 decumanorum,
1177 1056 1269 1120 fusos
1300 1063 1333 1120 et
1368 1057 1502 1143 fugatos

152 1188 239 1234 esse.
285 1166 439 1233 Ceterum
462 1170 602 1253 scriptor
624 1175 703 1232 tnnc
723 1149 850 1252 ipsum,
883 1189 956 1231 cunr
977 1167 1137 1252 proelium
1168 1168 1367 1252 aliquamdiu
1401 1171 1503 1236 fuisse

151 1281 342 1366 ambiguum
372 1281 492 1375 refert,
523 1301 655 1346 cansam
684 1301 750 1346 non
777 1283 810 1345 in
839 1282 960 1348 virtute
982 1281 1259 1362 adversariorum,
1289 1282 1348 1348 sed
1377 1285 1409 1346 in
1439 1283 1502 1347 loci

152 1401 270 1459 natura
289 1395 389 1480 ponit
433 1392 504 1458 Imo
532 1401 648 1479 aperte
682 1394 851 1459 contendit
881 1415 959 1460 suos
988 1397 1169 1475 virtute,
1199 1394 1272 1460 loco
1296 1394 1503 1461 adversarios

153 1510 402 1595 superiores
420 1508 533 1574 fnisse.
574 1506 630 1572 Ex
649 1506 917 1574 antecedentibus
934 1508 1095 1594 capitibus
1110 1511 1317 1594 perspicuum
1333 1517 1384 1574 est
1399 1511 1502 1595 primo

154 1624 240 1686 inter
270 1629 409 1705 utraque
444 1628 553 1687 castra
585 1619 820 1706 planiciem
853 1621 1088 1706 palustrem
1121 1631 1163 1686 et
1196 1626 1503 1708 voraginosam,

155 1757 254 1822 quam
276 1737 367 1800 rivus
389 1731 590 1820 perfluebat,
620 1734 809 1800 interfuisse
838 1733 925 1820 (cap.
949 1735 1021 1819 29),
1051 1736 1245 1821 Pompeium
1274 1744 1401 1817 autem,
1431 1757 1503 1800 cum

155 1849 346 1915 Caesariani
359 1849 527 1934 progressi
538 1848 656 1912 inicum
668 1848 701 1910 in
719 1846 825 1911 lucum
837 1849 1158 1932 appropinquassent
1175 1829 1314 1932 eumdnc
1333 1869 1391 1929 ,ne
1406 1847 1504 1932 qnid

155 1971 313 2028 temere
341 1960 464 2046 culpa
496 1981 622 2026 secus
655 1959 966 2026 admitteretur‘
996 1962 1088 2026 iussu
1119 1959 1269 2026 Caesaris
1304 1961 1504 2043 definissent,

156 2076 309 2162 opinione
329 2061 536 2140 adversarios
558 2075 710 2139 timere
733 2073 933 2168 impediri
955 2073 1002 2138 ad
1025 2073 1364 2140 committendum
1387 2097 1505 2160 proc-

155 2189 258 2252 lium
290 2210 333 2254 se
365 2189 617 2254 efferentem
650 2190 796 2272 iniquo
824 2187 917 2252 loco
946 2189 1013 2252 sui
1042 2195 1307 2273 potestatem
1330 2189 1504 2271 fecisse,

83 2357 86 2363 .
157 2313 193 2368 ut
223 2323 372 2388 magno
394 2311 534 2367 tamen
556 2301 750 2386 periculo
773 2320 975 2366 accessus
999 2321 1138 2366 eorum
1161 2301 1393 2366 haberetur
1416 2303 1502 2388 (cap.

157 2417 223 2498 30).
271 2411 417 2495 Scriptor
438 2392 539 2500 igitur
560 2413 633 2498 ipse
656 2412 773 2494 locum,
796 2413 851 2478 ubi
874 2414 1067 2499 Pompeiani
1090 2416 1140 2477 sui
1162 2421 1378 2499 postestatem
1400 2413 1504 2478 facie-

157 2530 252 2609 bant,
280 2529 434 2593 inicum
463 2529 626 2607 nominat,
657 2546 722 2610 quo
750 2528 880 2591 nomine
911 2535 1001 2591 certe
1032 2548 1097 2591 non
1125 2547 1204 2591 usus
1232 2535 1339 2608 esset,
1370 2531 1398 2592 si
1431 2527 1504 2592 loco

155 2643 324 2727 superiore
347 2640 396 2704 illi
418 2662 456 2706 se
479 2639 716 2707 defendissent.
760 2639 838 2704 Mea
861 2639 993 2724 quidem
1016 2642 1178 2705 sententia
1200 2639 1336 2706 difficile
1365 2649 1435 2704 crat
1463 2639 1504 2704 ad

157 2739 375 2839 Pompeianos
388 2751 557 2832 accedere,
580 2773 644 2816 non
663 2750 752 2834 quod
769 2751 872 2817 multo
895 2755 1160 2837 superiorem
1183 2753 1289 2818 locum
1304 2753 1504 2832 obtinebant,

158 2865 337 2951 sed'qnod
366 2865 471 2930 solum
500 2864 699 2950 palustre
730 2873 771 2930 et
798 2868 1102 2958 voraginosum
1129 2873 1242 2946 erat;
1275 2861 1361 2949 qn'ae
1389 2874 1506 2930 natura

158 2982 304 3066 inprimis
332 2976 509 3063 equitatui,
541 2979 574 3042 in
607 2999 673 3062 quo
703 2978 855 3044 Caesaris
885 2981 1062 3044 maximum
1095 2979 1195 3043 robur
1223 2978 1387 3043 nitebatur
1419 2977 1504 3062 (cap.

158 3097 226 3176 30),
249 3095 350 3157 noxia
372 3100 452 3158 erat.
482 3093 599 3175 Itaque
620 3092 699 3157 mihi
720 3113 912 3177 persuasum
937 3100 988 3156 est
1010 3090 1170 3176 proelium
1192 3100 1264 3156 non'
1278 3093 1311 3154 in
1334 3093 1422 3176 iugo,
1445 3089 1506 3154 sed
1595 3160 1598 3170 ¹

161 3208 221 3272 sub
249 3208 368 3271 montis
396 3203 524 3270 radices
554 3225 630 3271 esse
657 3205 864 3270 commissum
894 3225 1002 3288 neque
1024 3205 1244 3291 Pompeianos
1273 3204 1346 3268 loco
1369 3203 1504 3268 multum

161 3317 392 3404 praevaluisse.

262 3430 397 3498 sivero
419 3439 535 3496 auctor
556 3430 726 3495 confirmat
747 3429 965 3495 Caesarianos
989 3432 1152 3494 virtute
1174 3433 1406 3508 antecessisse,
1439 3450 1504 3492 non

159 3547 264 3610 minus
287 3565 408 3610 avere
431 3544 609 3610 abhorrere
631 3542 771 3608 videtur.
815 3541 901 3606 Nam
925 3564 968 3608 ex
992 3543 1140 3608 omnibus
1170 3544 1261 3625 locis,
1293 3563 1375 3626 quos
1405 3565 1504 3626 supra

160 3659 499 3738 commemoravimus,
540 3665 677 3741 apparet
713 3653 866 3720 Caesaris
895 3655 1014 3720 milites
1047 3657 1080 3718 in
1113 3655 1175 3720 hac
1207 3675 1318 3740 pugna
1352 3657 1503 3740 opinione

159 3770 339 3835 timidiores
361 3789 401 3834 ac
421 3766 583 3834 tardiores
606 3766 709 3832 fnisse
733 3774 766 3832 et
787 3765 913 3854 pudore
934 3770 1040 3854 magis
1062 3789 1168 3851 quam¹
1183 3770 1304 3832 virtute
1327 3763 1502 3852 pugnasse.

159 3886 222 3950 Dio
246 3883 381 3950 Cassius
410 3891 519 3947 antem
553 3880 649 3946 claris
677 3880 788 3946 verbis
820 3881 989 3946 contendit
1019 3882 1237 3966 Pompeianos
1266 3901 1440 3944 numero
1471 3888 1503 3944 et

160 4012 232 4063 usu
246 3997 428 4061 militari
447 3995 689 4072 inferiores,
702 3992 933 4078 desperatione
945 4015 1052 4058 rerum
1064 3996 1216 4058 incitatos
1232 3996 1364 4058 animo
1380 4014 1503 4078 supe-

159 4113 297 4176 riores
319 4108 468 4192 fuisses.
515 4107 668 4174 Ceterum
690 4114 805 4172 auctor
827 4109 900 4192 ipse
926 4107 959 4170 in
991 4109 1099 4192 capite
1122 4108 1162 4171 29
1185 4107 1331 4172 scribens
1356 4107 1501 4187 ,nostri

258 4407 283 4474 ¹)
302 4409 352 4459 cfr.
371 4407 422 4458 Dio
440 4407 564 4474 xum„
587 4398 611 4457 οί
628 4423 653 4456 τε
671 4402 719 4479 γὰρ
737 4401 879 4478 Καισάρειον
897 4413 1044 4476 στρατιῶται
1061 4412 1098 4475 τῷ
1115 4421 1141 4454 τε
1159 4401 1251 4478 πλήθει
1268 4401 1308 4455 καί
1332 4411 1362 4478 τῇ
1388 4399 1503 4477 ἐμπειρίᾳ

159 4498 196 4554 καὶ
214 4499 284 4576 παρὰ
302 4499 383 4555 πάντα
399 4510 434 4578 cp*
453 4497 530 4554 αὐτοῦ
549 4497 642 4553 ἐκείνου
665 4495 793 4574 παρουσίᾳ
817 4497 967 4572 deprecarer
991 4493 1167 4572 ἀπαλλαγῆναί
1189 4517 1249 4550 ποτε
1272 4505 1315 4550 τοῦ
1339 4516 1365 4549 τε
1390 4497 1502 4570 πολέμου

158 4594 196 4650 rai
213 4605 264 4648 rur
282 4594 307 4648 ἐν
326 4592 396 4670 αὐτῷ
414 4606 497 4650 κακῶν
519 4593 683 4662 ἐσπούδαζον,
701 4591 743 4648 καί
755 4591 779 4647 ci
789 4592 928 4670 Πομπίρειοι
940 4591 1035 4650 τούτοις
1049 4591 1091 4667 μὲν
1105 4590 1284 4668 ἐλαττούμενοι,
1296 4601 1331 4668 rp'
1344 4589 1503 4668 δ’ἀπομνύιοεῑ

165 4703 208 4769 τῆς
227 4689 360 4766 σωτηρίας,
379 4690 408 4746 ἂν
427 4689 460 4768 μὴ
478 4690 643 4769 κρατήσωσιν,
662 4689 799 4766 ἐρρωμένοι
815 4688 1085 4765 προτθυμοῡ·ιτο“,
1361 4695 1363 4700 ’
