3446 5384
922 353 965 418 64

841 456 1047 468 ——Q

267 591 903 680 capiteid-,quodUrsaonensium
925 589 1189 674 civitati,qui
1211 589 1275 653 sui
1297 587 1496 656 fuissent
1525 588 1656 656 fau·
1695 573 1696 620 ³

266 716 397 788 tores,
419 713 543 772 antea
564 705 738 770 litteras
759 705 883 769 misit.
1696 666 1697 750 l

368 819 430 885 llis
453 818 552 885 rebus
576 817 790 884 consideratis
811 823 914 880 totam
936 814 1155 880 narrationem
1178 822 1212 879 et
1233 813 1298 881 sibi
1320 813 1384 900 ipsi
1406 822 1441 879 et
1473 817 1652 880 omnium

265 935 383 1000 rationi
404 951 588 1018 repugnare
610 931 778 996 sentimus.
811 926 938 1012 ltaque,
962 947 1033 991 cum
1056 947 1151 994 nemo
1174 929 1314 1014 scriptor
1336 929 1370 992 in
1390 927 1453 993 hae
1469 927 1650 992 difficul-

265 1055 333 1112 tate
355 1045 460 1110 lucem
482 1041 578 1107 nobis
598 1041 726 1121 afferat,
749 1042 945 1106 coniecturis
967 1059 1080 1106 verum
1105 1049 1155 1106 est
1175 1041 1450 1128 investigandum.
1487 1039 1647 1106 Scimus

264 1160 411 1226 victoriis
432 1155 585 1222 Caesaris
606 1156 762 1220 rumtiatis
789 1156 822 1218 in
851 1152 1072 1241 compluribus
1093 1152 1275 1240 Hispaniae
1306 1153 1442 1220 urbibus
1471 1153 1643 1239 (Hispali

265 1295 337 1359 cap.
360 1271 418 1353 35,
450 1267 581 1335 Carteia
608 1290 679 1355 cap.
708 1265 768 1350 37)
797 1275 925 1352 partem
954 1267 1073 1332 civium
1101 1287 1123 1332 o
1147 1265 1291 1332 Caesare
1314 1269 1447 1332 stetisse
1476 1269 1641 1350 eiusque

263 1385 362 1452 rebus
384 1385 526 1466 favisse,
554 1390 682 1469 partem
704 1382 844 1467 Pompei
865 1378 1123 1446 studiosissimos
1144 1381 1320 1462 mansisse,
1349 1387 1388 1444 ut
1415 1383 1505 1444 iutra
1537 1380 1639 1444 haec

264 1497 387 1585 oppida
408 1495 553 1562 discidiis
575 1497 701 1562 exortis
722 1514 862 1581 magnae
883 1494 1003 1561 caedes
1026 1495 1153 1564 tierent.
1175 1494 1263 1575 Quid
1276 1483 1424 1582 impedit,
1439 1497 1633 1580 quominus

264 1609 430 1677 deditione
451 1607 604 1694 Ateguae
626 1626 686 1693 per
707 1605 837 1693 legatos
858 1606 986 1692 perlata
1007 1609 1106 1672 etiam
1129 1607 1356 1674 Ursaonenses
1377 1610 1411 1672 in
1433 1607 1523 1673 duas
1543 1610 1631 1674 fae-

263 1726 370 1790 tiones
393 1722 585 1787 discessisse
618 1727 652 1785 et
681 1720 766 1784 inter
794 1740 831 1786 so
860 1720 1145 1788 vehementissimo
1174 1723 1385 1808 impugnasse
1414 1721 1631 1788 credamus?
1690 1714 1695 1777 Ι

263 1837 316 1902 Ita
336 1834 434 1900 facile
456 1831 725 1920 comprehendas,
748 1852 850 1917 quare
873 1835 929 1897 uni
950 1831 1067 1919 legatis
1090 1833 1287 1900 adversariis
1302 1835 1450 1917 quamvis
1462 1836 1628 1902 iniuriam

262 1949 440 2032 intulerint,
455 1946 550 2012 alteri
569 1945 788 2012 acerbissimis
802 1944 940 2010 vocibus
964 1965 1075 2010 eorum
1097 1944 1231 2012 caedem
1250 1946 1495 2032 repudiaverint
1510 1957 1625 2034 atque

263 2061 529 2150 vituperaverint.
561 2058 646 2124 Illud
668 2035 783 2123 autem·
799 2066 924 2124 certum
948 2066 1000 2124 est
1013 2059 1233 2146 Pompeianos
1246 2061 1441 2130 ——iortasse
1462 2067 1622 2128 externis
1690 2144 1695 2155 Ι

262 2176 394 2243 auxiliis
416 2173 546 2240 adiutos
557 2173 583 2256 ¹)
606 2210 646 2221 —
670 2175 878 2240 contentione
900 2175 1086 2259 superiores
1108 2174 1224 2256 luisse,
1247 2174 1337 2258 quod
1357 2177 1435 2242 urbs
1448 2178 1619 2260 usquead

264 2295 446 2356 extremum
467 2285 590 2354 bellum
611 2286 772 2371 Pompeio
794 2285 893 2351 fidem
915 2287 1081 2373 praestitit
1103 2284 1179 2372 (cfr.
1203 2309 1275 2374 cap.
1297 2291 1366 2371 41).
1403 2288 1537 2370 Quodsi
1562 2312 1613 2354 res
1700 2273 1701 2298 ¹

262 2404 332 2466 sine
362 2399 462 2466 dubio
490 2401 538 2465 ita
565 2419 602 2465 so
631 2398 825 2484 babuerunt,
848 2420 905 2465 eas
926 2399 969 2465 ab
990 2404 1123 2466 auctore
1146 2402 1289 2466 maxime
1311 2400 1509 2488 depravatas
1537 2425 1616 2468 esse

262 2517 421 2580 neminem
445 2513 568 2599 effugit

364 2736 446 2804 Cum
470 2738 594 2806 Caesar
615 2738 781 2806 deditione
803 2739 955 2825 Ateguae
980 2739 1070 2805 iacta
1091 2738 1316 2805 adversarium
1328 2737 1470 2806 Ucubim
1493 2763 1612 2808 versus
1702 2807 1703 2824 ,

262 2861 395 2918 secutus
419 2861 509 2919 esset
529 2861 630 2938 atque
652 2855 749 2918 etiam
771 2851 814 2918 ad
836 2849 956 2919 flumen
979 2851 1109 2918 Salsum
1131 2851 1297 2918 brachium
1311 2852 1431 2920 ducere
1444 2857 1608 2939 coepisset
1702 2831 1703 2848 ἵ

263 2968 339 3050 (cfr.
352 2987 423 3053 cap.
437 2969 478 3031 20
490 2975 520 3032 et
532 2967 598 3051 23),
622 2976 712 3032 certo
736 2966 994 3053 exspectandum
1019 2975 1079 3047 est,
1103 2976 1139 3031 ut
1160 2966 1279 3032 flumen
1303 2967 1365 3031 hoc
1384 2966 1458 3032 loco
1472 2972 1609 3032 transire

263 3089 297 3145 et
309 3081 500 3166 Pompeium
524 3099 569 3144 ex
587 3081 702 3144 itinere
715 3078 853 3166 aggredi
864 3081 1004 3144 animum
1015 3078 1194 3144 induxerit.
1226 3077 1311 3143 Nam
1324 3099 1366 3143 ex
1380 3079 1525 3144 omnibus
1537 3080 1603 3144 lere

262 3191 364 3257 libelli
382 3193 486 3258 nostri
503 3190 651 3278 partibus
669 3213 869 3280 magnopere
883 3191 992 3259 elucet
1004 3191 1180 3260 Caesarem
1191 3195 1295 3281 primo
1312 3214 1444 3278 quoquo
1461 3202 1603 3280 tempore

261 3302 383 3370 bellum
405 3302 583 3371 decernere
606 3305 752 3371 voluisse
777 3315 811 3372 et
825 3308 896 3373 iem
918 3305 1078 3392 proelium
1101 3313 1294 3388 extremum,
1316 3308 1345 3370 si
1363 3305 1540 3391 Pompeius
1555 3307 1601 3370 sui

261 3423 459 3503 potestatem
482 3419 626 3500 fecisset,
648 3421 892 3486 commissurum
915 3419 1029 3488 fuisse.
1063 3417 1191 3484 Eodem
1208 3419 1315 3505 eapite
1328 3419 1369 3484 23
1381 3419 1603 3503 cognoscimus

263 3528 495 3614 Caesarianos,
524 3534 696 3615 quominus
725 3532 848 3599 vallum
877 3532 1052 3615 ducerent,
1081 3531 1124 3596 ab
1153 3532 1351 3598 adversariis
1377 3529 1549 3617 impeditos
1571 3539 1603 3594 et

260 3644 411 3729 repulsos
433 3665 512 3722 esse,
534 3665 642 3730 neque
664 3666 801 3730 usquam
823 3652 1111 3712 commemoratum
1133 3645 1316 3710 invenimus
1338 3644 1402 3709 boc
1422 3664 1505 3728 opus
1525 3663 1602 3728 per-

261 3757 383 3822 fectum
413 3755 467 3822 vel
496 3757 689 3843 Pompeium
717 3757 805 3844 apud
834 3755 976 3822 Ucubim
1005 3766 1162 3824 vexatum
1192 3777 1275 3823 asse.
1321 3755 1424 3822 Immo
1453 3776 1531 3820 vero
1558 3776 1599 3820 ex

262 3871 369 3954 capite
398 3869 440 3932 24
462 3875 496 3933 et
519 3867 560 3932 25
581 3868 800 3954 intellegimus
831 3878 1043 3956 utrorumque
1067 3872 1179 3956 copias
1202 3868 1246 3934 ad
1268 3867 1438 3934 castellum
1460 3865 1598 3932 Soricam

263 3988 296 4044 et
317 3980 515 4066 Aspaviam,
539 3980 627 4066 quod
651 3990 702 4048 est
723 3982 765 4048 ab
788 3980 897 4049 Ucubi
918 3983 1007 4049 milia
1035 4003 1190 4068 passuum
1214 3981 1256 4066 V,
1285 3981 1336 4047 bis
1358 3983 1546 4046 convenisse
1566 3991 1597 4046 et

261 4094 481 4179 Pompeianos
516 4093 598 4160 duas
632 4094 744 4160 clades
773 4098 952 4182 accepisse.
1006 4094 1088 4161 Cum
1121 4103 1230 4161 autem
1264 4095 1452 4182 Pompeius,
1485 4095 1512 4158 si
1542 4115 1593 4158 suo

261 4209 363 4292 ipsius
392 4206 465 4271 loco
494 4205 674 4292 periculum
704 4209 936 4288 imminuisset,
966 4215 1055 4274 certe
1086 4207 1205 4272 milites
1239 4227 1305 4271 non
1326 4205 1391 4271 alio
1414 4204 1593 4270 dimissurus

263 4320 378 4401 fuerit,
406 4328 553 4406 apertum
577 4330 628 4386 est
665 4319 817 4386 Caesaris
853 4323 1033 4387 exercitum
1055 4342 1120 4394 non
1143 4323 1205 4385 iam
1228 4318 1316 4405 apud
1339 4318 1480 4384 Ucubim
1502 4318 1591 4384 luisse

262 4433 467 4499 collocatum.
511 4433 586 4499 Huc
608 4432 746 4518 accedit,
776 4433 865 4519 quod
888 4436 1065 4521 Pompeius
1095 4435 1183 4520 (cap.
1208 4434 1264 4511 27)
1292 4431 1381 4496 nullo
1413 4433 1590 4518 prohibente

266 4593 433 4600 ...ς-ὴ.-.

366 4680 386 4745 ¹)
405 4680 453 4732 alr.
472 4695 530 4745 cap.
549 4681 591 4745 35,
610 4679 657 4730 ubl
675 4678 776 4746 aliquid
795 4679 881 4732 simile
898 4678 1013 4733 relatum
1031 4677 1160 4744 reperias!
