3446 5384
761 430 802 493 55

91 689 213 750 neque
236 667 349 732 hostes
371 668 404 730 iu
427 688 567 750 aequum
590 665 696 730 locum
719 662 884 730 deducere
907 667 1078 750 potuisset,
1102 663 1190 728 aliud
1203 665 1339 748 Pompei
1353 685 1452 749 prae-

92 780 240 860 sidium,
275 789 310 842 ut
343 801 416 842 eum
454 777 609 843 Corduba
641 777 849 856 detraheret,
883 775 1140 864 aggrediendum
1174 779 1297 843 statuit.
1342 777 1453 855 Quare

93 902 215 956 autem
237 893 341 977 ipsam
364 891 540 977 Ateguam,
563 911 648 975 quae
671 899 742 955 erat
763 892 946 955 firmissima
969 890 1198 975 (deesses,
1221 889 1451 970 DioXLlll,as

97 1001 244 1080 ,Καίτοι
280 997 440 1088 καρττράν
472 996 585 1084 οὖσαν)
621 1003 771 1088 petierit,
800 1009 913 1066 auctor
946 1001 1076 1084 silentio
1110 1003 1357 1087 praetermittit,
1392 1004 1452 1066 Dio

96 1116 242 1182 Cassius
265 1137 376 1180 veram
398 1135 529 1180 causam
553 1114 650 1180 affert
671 1117 848 1180 momoriae
870 1115 1013 1200 prodens
1042 1117 1074 1178 in
1097 1115 1161 1179 hoc
1183 1115 1337 1200 oppidum
1358 1137 1452 1200 mag-

97 1252 181 1294 nam
214 1231 370 1294 frumenti
400 1231 527 1314 copiam
560 1229 664 1293 fuisse
697 1237 893 1312 congestam.
938 1227 1036 1308 Quod
1068 1227 1131 1290 sibi
1163 1229 1334 1311 acquirere
1367 1227 1452 1290 illius

98 1350 199 1408 tanto
222 1341 294 1422 plus
315 1342 503 1406 interfuisse
525 1362 654 1421 censeo,
678 1349 800 1424 quanto
813 1342 947 1426 propius
962 1339 1106 1405 instabat
1118 1339 1221 1404 hiems
1234 1339 1308 1422 (cfr.
1322 1361 1394 1426 cap.
1407 1338 1451 1420 6).

102 1493 147 1502 -
173 1454 256 1520 Cum
279 1455 457 1538 Pompeius
479 1452 687 1518 adversarios
710 1453 816 1516 hieme
843 1474 934 1517 arma
962 1475 1027 1518 non
1055 1452 1178 1520 laturos
1208 1457 1282 1520 e'sse
1311 1463 1404 1518 ratus
1435 1475 1453 1517 e

102 1567 250 1652 vestigio
273 1567 428 1650 persequi
449 1567 678 1632 intermisisset
700 1564 773 1653 (cfr.
797 1585 868 1650 cap.
891 1565 912 1628 6
935 1565 986 1647 ,ed
1011 1565 1197 1633 Cordubam
1227 1589 1263 1633 sc
1292 1569 1452 1652 recepit‘),

105 1680 167 1744 scd
192 1678 422 1744 nrunitionibus
444 1679 572 1744 illorum
594 1701 655 1764 per
677 1681 807 1744 nuntios
831 1682 971 1764 cognitis
993 1679 1174 1744 demumad
1187 1679 1350 1766 Ateguam
1365 1689 1454 1745 esset

106 1794 295 1879 profectus,
325 1791 448 1856 facturn
477 1800 546 1873 est,
575 1799 611 1856 ut
634 1791 758 1858 Caesar
786 1791 875 1856 nullo
898 1792 1096 1878 impediente
1119 1792 1285 1877 complura
1318 1792 1459 1856 castella

107 1912 288 1990 occuparet
310 1903 395 1990 (cap.
420 1905 453 1985 6)
477 1913 511 1970 ct
531 1907 706 1970 maximam
728 1907 942 1970 munitionum
965 1914 1091 1990 partem
1114 1906 1300 1974 conficeret.
1323 1943 1365 1953 —-
1379 1906 1454 1969 Ad·

107 2029 211 2086 ventu
226 2022 365 2104 Pompei
386 2018 499 2083 incidit
519 2018 639 2084 nebula
662 2021 872 2101 crassissima,
895 2025 932 2082 ut
954 2018 1108 2084 Caesaris
1131 2022 1259 2104 equites
1281 2021 1313 2082 iu
1335 2021 1454 2083 statio-

106 2134 203 2198 nibus
226 2135 377 2219 oppressi
397 2131 668 2198 interficerentur.

210 2245 380 2310 Hactenus
403 2244 467 2309 duc
490 2246 668 2330 scriptores
692 2246 875 2308 consentire
898 2242 1065 2326 videntum
1088 2252 1123 2309 at
1145 2245 1209 2310 Dio
1236 2245 1326 2310 solus
1347 2248 1454 2330 serip-

107 2366 177 2420 tum
190 2359 323 2441 reliquit
334 2355 494 2438 XLIIIpe
516 2343 644 2442 ,ἐπειδή
665 2378 702 2421 τε
725 2348 959 2444 ἀστρατήγητοι
982 2353 1013 2423 οἱ
1037 2351 1129 2422 ἔνδον
1151 2345 1244 2444 ἦσαν,
1268 2346 1454 2424 Μουνάτιον

108 2464 216 2548 αὐτοῖς
239 2459 386 2536 atteror
409 2465 604 2555 apiastrum.
649 2458 793 2556 ἡδονὴδρ
813 2463 874 2557 γάρ
908 2465 1026 2544 ἐκεῖνος
1055 2461 1121 2537 ὦδε
1153 2469 1232 2535 τίσω
1267 2472 1453 2560 παρελθεῖν.

109 2575 232 2672 νύκτωρ
243 2582 308 2648 τῶν
319 2571 476 2670 modoinum
495 2575 588 2660 τινάς
609 2571 718 2666 priuos,
740 2574 786 2660 ἀς
808 2581 864 2646 καὶ
886 2575 951 2648 sind
974 2585 1031 2649 τοῦ
1048 2581 1220 2671 Καίσαρος
1242 2582 1277 2662 ἐς
1298 2579 1455 2670 deodrico

109 2691 363 2780 ἀπεσταλμένος,
386 2687 522 2784 ἀνήρετο
545 2690 584 2761 ad
613 2688 778 2782 σύνθημα,
807 2695 864 2762 καί
893 2690 1015 2779 μαθών
1037 2743 1203 2766 ......
1227 2694 1368 2774 ἐκείνους
1396 2694 1454 2780 μὲν

111 2809 227 2892 elcese,
250 2801 471 2899 ἐκπεριελθάν
493 2805 529 2874 δέ
552 2805 690 2895 ἑτέρωσε
711 2809 769 2876 τοῦ
790 2808 1076 2896 περιτειχίσματος
1097 2803 1211 2884 ἀλλοις
1230 2809 1296 2876 τισὶ
1311 2804 1455 2898 φύλαξιν

114 2917 246 3000 ἐνέτυχε,
267 2919 323 2987 καὶ
346 2909 384 2988 τό
405 2945 441 2988 τε
463 2908 619 3006 σύνθημα
642 2914 754 2994 αὐτοῖς
775 2911 890 2998 cinola,
911 2920 968 2988 καὶ
990 2919 1047 2989 ἐπὶ
1071 2921 1238 3012 προδοσίᾳ
1259 2924 1317 3010 τῆς
1329 2916 1456 2996 πόλεως

113 3024 196 3097 εἶναι
217 3024 437 3114 ττλασάμτνος,
461 3031 495 3098 dl
516 3026 655 3098 ἑκόντων
677 3055 712 3096 τε
735 3031 841 3100 αὐτῶν
863 3033 916 3098 καὶ
942 3024 1235 3122 τταρταττμτιάντιον
1258 3061 1291 3122 ys
1308 3032 1455 3123 ἐσῆλθεν.

113 3145 196 3210 Huic
224 3149 417 3226 memoriae,
448 3149 511 3212 etsi
532 3168 552 3210 a
573 3153 686 3210 nostro
709 3149 869 3232 scriptore
891 3170 956 3212 non
979 3149 1220 3234 comprobatur,
1241 3157 1351 3214 tamen
1373 3150 1456 3216 fides

114 3267 164 3324 est
195 3258 354 3327 habenda.
400 3260 485 3324 Nam
518 3267 553 3324 ct
586 3281 629 3324 ex
663 3262 771 3344 capite
804 3262 1047 3326 undevicesimo
1081 3267 1185 3329 nostri
1217 3266 1320 3349 ipsius
1354 3265 1456 3329 libelli

117 3374 220 3438 elucet
248 3374 430 3438 Munatium
453 3371 608 3438 Flaccum
640 3393 757 3437 revera
789 3374 959 3459 imperium
981 3375 1131 3458 Ateguae
1165 3380 1310 3442 tenuisse
1338 3399 1456 3461 neque,

117 3509 184 3550 cum
208 3488 402 3572 PompeiuS,
433 3494 470 3549 ut
499 3507 598 3570 supra
630 3484 939 3568 demonstravimus,
970 3510 1083 3553 omncs
1111 3489 1183 3553 fere
1213 3493 1323 3575 copias
1354 3497 1387 3556 et
1413 3489 1455 3552 ad

118 3599 221 3664 Uliam
245 3598 499 3686 expugnandam
522 3607 555 3663 et
577 3598 621 3663 ad
644 3597 831 3665 Cordubam
854 3599 1092 3666 defendendam
1114 3601 1319 3667 adhibuisset
1341 3622 1456 3683 neque,

53 3727 56 3732 '
118 3721 151 3777 ut
171 3713 304 3797 Ategua
327 3721 580 3800 oppugnaretur,
603 3714 876 3797 exspectavissct,
901 3713 1033 3780 dubium
1056 3721 1116 3793 est,
1140 3715 1217 3798 quin
1231 3713 1362 3798 Ategua
1380 3720 1456 3777 ante

118 3827 265 3892 Caesaris
287 3827 465 3892 adventum
487 3829 594 3912 perito
617 3847 657 3891 ac
679 3825 797 3891 callido
820 3827 903 3892 duce
927 3829 1075 3893 caruerit.
1120 3827 1247 3908 Quodsi
1270 3847 1324 3890 res
1346 3828 1391 3888 ita
1420 3847 1456 3890 se

119 3941 221 4021 habet,
244 3947 412 4005 auctorem
433 3948 592 4021 nostrum,
614 3942 670 4024 qui
694 3943 834 4004 omnium
856 3964 963 4007 rerum
987 3942 1053 4005 illic
1079 3949 1245 4027 gestarum
1274 3960 1395 4024 gnarus
1425 3947 1457 4002 et

118 4056 148 4116 in
167 4053 251 4118 libro
273 4074 333 4117 suo
357 4052 605 4138 diligentissime
627 4073 750 4118 memor
773 4061 872 4135 esset,
896 4054 981 4118 hunc
1003 4076 1114 4122 casum
1136 4053 1286 4119 consulto
1308 4061 1457 4134 praeter-

119 4166 239 4232 misisse
271 4171 420 4252 apertum
454 4171 514 4232 cst
557 4165 716 4230 Nimirum
752 4169 781 4231 ei
814 4169 976 4252 ingratum
1009 4169 1112 4233 fuisse
1148 4166 1278 4231 videtur
1309 4166 1458 4230 confiteri

120 4261 328 4346 Caesarianos
351 4279 393 4344 ab
415 4278 605 4344 adversario
628 4277 769 4362 quedam
793 4299 867 4345 esse
889 4278 1058 4365 deceptos.

215 4507 253 4571 In
274 4508 383 4592 capite
402 4510 542 4593 septimo
557 4509 712 4592 seriptum
728 4507 867 4590 legimus
883 4506 1076 4589 Pompeium
1092 4510 1183 4567 trans
1198 4503 1317 4566 flumen
1330 4502 1458 4568 Salsum

121 4624 198 4684 inter
228 4619 350 4705 oppida
379 4620 542 4705 Ateguam
573 4629 606 4684 et
638 4620 779 4685 Ucubim
807 4622 840 4682 in
868 4625 978 4698 monte
1009 4624 1116 4682 castra
1147 4618 1297 4700 posuisse
1325 4636 1459 4698 neque

122 4734 201 4798 suis
223 4754 366 4798 ausum
383 4754 480 4798 cese
502 4732 700 4798 subsidio
716 4735 871 4798 venire.
916 4731 1000 4795 'l'um
1016 4738 1130 4795 auctor
1145 4733 1255 4815 pergit
1269 4729 1319 4798 bie
1335 4728 1458 4795 verbis:
