3446 5384
792 412 832 474 69

122 649 232 712 densi
256 647 421 731 descripta
443 647 586 710 maxime
608 645 755 731 intellegi
777 651 899 731 potest,
923 668 994 710 cum
1017 645 1117 710 libros
1135 647 1272 710 aliorum
1287 647 1481 732 scriptorum

120 769 289 826 accurate
313 782 501 846 comparare
524 761 696 846 possimus.

240 875 421 957 Postquam
450 872 555 938 tribus
586 871 748 958 capitibus
770 871 844 956 (28,
873 872 931 954 29,
966 875 1023 956 30)
1046 875 1271 958 copiosissime
1294 877 1481 960 expositum

124 991 204 1066 est,
237 1006 322 1069 qnae
350 985 468 1071 fuisset
497 987 641 1072 regionis
673 991 807 1068 natura,
837 986 892 1049 ubi
927 995 961 1052 et
992 985 1156 1072 quomodo
1187 995 1344 1071 utraeque
1367 990 1482 1072 copiae

124 1099 277 1162 fuissent
305 1097 548 1185 dispositae-
571 1097 726 1164 videlicet
752 1091 799 1180 ut,
832 1118 916 1182 quae
947 1101 1011 1162 leci
1041 1096 1253 1164 difficultates
1277 1099 1482 1166 Caesarianis

126 1208 342 1294 superandae
353 1210 503 1290 fuissent,
518 1211 764 1276 sentiremus-
779 1214 888 1296 eapite
901 1213 939 1276 31
954 1233 1066 1297 pugna
1076 1215 1148 1297 ipsa
1162 1221 1320 1281 narratur.
1345 1212 1483 1278 Constat

126 1323 294 1408 proelium
306 1321 393 1408 apud
408 1320 565 1388 Mundam
577 1321 711 1389 Caesari
725 1325 962 1390 atrocissimum
975 1325 1352 1408 periculosissimumque
1370 1326 1483 1406 inisse,

129 1443 169 1500 ut
190 1439 265 1522 ipse
287 1444 405 1522 postea
425 1435 507 1500 haee
529 1436 632 1501 verba
653 1436 774 1501 fecisse
788 1436 930 1502 dicatur:
953 1427 1015 1519 ,ὅτι
1031 1424 1191 1508 πολλάκις
1211 1434 1270 1518 μὲν
1285 1433 1482 1523 ἀγωνίσαιτο

130 1547 213 1639 περὶ
237 1545 338 1634 νίκιγς,
361 1549 416 1616 νῦν
439 1546 475 1614 δὲ
498 1547 554 1613 καί
577 1547 653 1638 περὶ
676 1549 795 1636 ψυχῆςι
818 1548 905 1634 App'.
923 1548 999 1616 bell.
1023 1552 1084 1614 eiv.
1108 1549 1205 1632 Ilaec.
1230 1551 1289 1614 cfr.
1313 1549 1481 1618 Plutarch.

131 1665 193 1729 vit.
220 1661 315 1731 Caes.
339 1662 391 1727 to.
429 1661 552 1728 Omnes
575 1683 683 1727 rerum
707 1663 883 1747 scriptores
913 1663 1121 1726 consentiunt
1144 1659 1383 1742 Caesarianos,
1409 1684 1483 1728 cnm

133 1777 228 1841 Mars
259 1775 313 1840 diu
346 1775 465 1841 fuisset
498 1774 637 1856 dubius,
675 1777 832 1860 impetum
868 1775 1129 1841 adversariorum
1163 1799 1228 1841 non
1262 1776 1303 1841 de
1337 1779 1483 1854 victoria,

135 1888 198 1954 sed
221 1887 354 1954 devita
377 1890 569 1953 certantium
591 1910 656 1954 non
679 1891 742 1953 iam
761 1891 954 1954 sustinuisse
969 1897 1002 1954 et
1016 1892 1170 1954 resistere
1190 1891 1348 1974 coepisse.
1372 1889 1483 1969 Quare

136 2000 315 2066 Caesarem
336 2003 443 2085 ipsum
466 1994 571 2066 salute
594 1999 769 2086 desperata
791 2001 833 2068 de
856 2004 1013 2068 extremis
1036 2023 1148 2066 secum
1170 2004 1315 2088 agitasse
1335 2010 1368 2067 et
1387 2003 1483 2088 galea

137 2113 308 2199 deposita,
332 2121 368 2179 ut
389 2135 467 2180 suos
489 2113 599 2179 verbis
622 2123 656 2180 et
678 2114 831 2200 exemplo
855 2115 935 2180 forti
957 2115 1200 2195 cohortaretur,
1232 2121 1345 2178 contra
1368 2114 1481 2180 hostes

137 2230 342 2312 procurrisse
366 2234 400 2291 et
421 2229 524 2293 aciem
547 2229 742 2294 restituisse.

243 2339 343 2426 Apud
356 2340 592 2426 Appianum
616 2341 693 2408 bell.
707 2343 767 2406 civ.
779 2340 1031 2428 II,1orleguntur
1046 2341 1143 2406 haee:
1167 2335 1212 2415 eir
1231 2338 1275 2422 δὲ,
1292 2339 1345 2404 καὶ
1364 2332 1482 2408 συνιόν-

138 2478 202 2519 των
231 2447 293 2541 ἤδη
321 2454 381 2520 τοῦ
402 2451 578 2539 Καίσαρος
607 2455 750 2540 στρατοῦ
777 2447 814 2520 td
843 2451 918 2528 δέος
941 2446 1076 2540 ἥπτετο,
1099 2451 1156 2520 καὶ
1182 2446 1273 2528 δ’κνος
1295 2451 1479 2540 ἐπεγίγνετο

138 2567 186 2650 τῷ
213 2559 322 2655 φόβῳ,
355 2564 453 2642 θεοὺς
484 2557 611 2642 πάντας
642 2558 660 2633 ὁ
686 2571 817 2655 Καῖσαρ
844 2563 984 2644 ἱκέτευε,
1006 2560 1066 2642 τάς
1088 2573 1194 2658 χεῖρας
1216 2563 1250 2641 ἐς
1271 2563 1327 2634 τδν
1350 2560 1481 2656 οίίρανον

140 2673 300 2762 άνίσχων,
329 2672 375 2768 μὴ
401 2677 449 2780 ἑνί
479 2669 570 2765 πόνῳ
599 2679 683 2766 τῷδε
713 2672 821 2748 πολλά
850 2677 904 2748 καὶ
933 2674 1069 2770 λαμπρά
1090 2671 1167 2768 ἐργα
1189 2681 1305 2768 μιῆναι
1328 2677 1383 2746 καὶ
1406 2678 1483 2753 τούς

141 2781 343 2882 στρατιώτας
365 2789 515 2861 ἐπιθέων
537 2785 724 2883 παρεκάλει.

242 2905 505 2970 Plutarchus
527 2907 585 2974 vit.
609 2904 704 2974 Caes.
728 2906 770 2972 56
793 2906 875 2972 haec
897 2907 1083 2994 confirmat:
1108 2901 1141 2968 ἐν
1163 2891 1332 2991 ᾗ(γιάχγ)
1351 2908 1479 2990 Καῖσαρ

141 3013 393 3100 ἐκθλιβομένους
420 3012 505 3105 δρῶν
533 3014 610 3094 τούς
636 3016 752 3087 ἑαυτοῦ
780 3016 836 3085 καί
867 3019 975 3093 κακαῖς
1004 3011 1194 3098 άντέχοννιας
1221 3009 1304 3099 ἐβδα
1333 3014 1388 3082 διά
1418 3017 1482 3082 ταῖν

143 3121 253 3192 δ’πλων
284 3126 339 3193 καί
366 3129 432 3195 τῶν
459 3119 582 3214 τάξεων
612 3130 776 3212 διαθέων,
805 3131 834 3200 εί
864 3130 965 3219 μηδὲν
999 3130 1164 3199 αἰδοῦνται
1198 3123 1352 3212 λαβόντες
1386 3122 1481 3198 αὐτὸν

143 3238 317 3332 ἐγχειρίσαι
337 3249 407 3317 τοῖς
428 3245 633 3334 παιδαρίοις.
1473 3249 1475 3260 '

242 3358 369 3426 Eadem
391 3361 492 3426 tradit
514 3360 714 3427 Velleius
736 3363 824 3428 Pat.
854 3361 929 3426 hist.
952 3359 1046 3424 Rom.
1070 3358 1142 3440 Ilpa
1171 3357 1242 3440 ,sed
1272 3357 1393 3422 nullum
1417 3380 1484 3420 un-¹

147 3493 238 3554 quam
260 3474 404 3537 atrocius
426 3473 708 3558 periculosiusque
737 3474 778 3539 ab
808 3495 848 3539 eo
876 3475 989 3537 initum
1019 3471 1196 3558 proelium,
1226 3471 1310 3536 adeo
1340 3481 1376 3534 ut
1404 3471 1480 3556 plus

148 3606 238 3668 quam
254 3585 354 3652 dubio
367 3585 475 3652 Marte
498 3585 715 3653 descenderet
736 3608 822 3673 equo
846 3589 1095 3670 consistensque
1118 3594 1194 3651 ante
1216 3585 1480 3651 recedentem

149 3719 275 3762 suorum
297 3701 409 3780 aciem,
432 3701 592 3786 increpita
613 3703 704 3786 prius
727 3703 868 3779 fortuna,
892 3699 980 3784 quod
1003 3721 1040 3764 so
1066 3701 1100 3763 in
1123 3719 1195 3764 eum
1219 3708 1385 3764 servasset
1407 3700 1482 3762 exi-

149 3821 221 3893 tum,
238 3811 444 3878 denuntiaret
455 3812 611 3880 militibus
631 3817 770 3900 vestigio
790 3835 826 3879 se
844 3835 909 3879 nen
926 3834 1149 3896 recessurum3
1172 3811 1309 3898 proinde
1325 3812 1484 3894 viderent,

151 3948 241 4010 quem
265 3934 298 3992 et
321 3948 386 4011 quo
409 3926 483 3992 loco
505 3931 736 4014 imperatorem
758 3926 920 3992 deserturi
943 3927 1062 3994 forent.

248 4048 281 4104 et
302 4039 458 4106 Florus
480 4039 649 4126 Epitom
672 4040 743 4122 Ilpa
768 4039 868 4126 (tva)
899 4039 1096 4121 ‚Novissime
1118 4040 1306 4102 inusitatum
1331 4035 1485 4102 Caesaris

153 4153 248 4220 oculis
278 4153 391 4220 nefas:
421 4160 499 4239 post
527 4153 788 4238 quattuordecim
818 4173 921 4216 annos
951 4151 1090 4238 probata
1115 4158 1343 4215 veteranorum
1372 4171 1487 4214 manus

154 4268 282 4349 gradum
311 4266 585 4343 retrodedit,
619 4267 722 4348 Quos,
752 4267 815 4331 etsi
843 4263 985 4330 nondum
1008 4265 1172 4349 fugerant,
1195 4265 1347 4348 apparuit
1368 4271 1488 4340 tamon²

155 4382 308 4466 pudore
331 4385 461 4468 magis
485 4402 604 4465 quam
627 4383 789 4446 virtute
812 4381 978 4444 resistere.
1008 4375 1126 4462 Itaque
1138 4375 1193 4440 ille
1217 4376 1368 4459 ablegato
1393 4399 1490 4460 equo,

157 4495 260 4560 similis
283 4496 415 4577 furenti,
437 4498 573 4581 primam
596 4497 629 4558 in
651 4496 755 4559 aciem
777 4494 950 4578 procurrit.

252 4616 286 4673 et
308 4607 482 4689 Orosius
505 4607 592 4690 leia
616 4615 785 4689 ‚tantaque
809 4604 928 4670 caedes
953 4612 1037 4685 aeta,
1060 4602 1233 4668 utCaesar
1249 4623 1381 4686 quoque
1396 4609 1492 4666 vete-

43 4739 54 4768 ·
158 4721 236 4787 mnis
261 4724 358 4786 etiam
381 4725 449 4788 suis
473 4720 591 4787 cedere
613 4741 678 4785 non
701 4718 970 4818 erubescentibus
998 4739 1069 4781 cum
1101 4714 1194 4779 caedi
1222 4717 1362 4798 cogique
1390 4716 1492 4779 aciem
