3446 5384
792 373 832 440 uo

180 655 181 658 η
245 607 298 672 ux
329 609 436 694 eapite
466 609 621 674 vicesimo
649 611 795 675 seeundo
824 611 1042 697 intellegimus
1072 611 1301 680 Ursaonenses
1335 615 1487 682 Caesaris

129 724 279 808 legatos
305 724 361 805 qui
384 721 547 808 Ateguam
583 745 656 788 esso
686 725 839 790 traditam
868 725 1029 790 referrent
1057 735 1091 791 et
1117 726 1192 790 il‘los
1220 727 1263 791 ad
1286 727 1485 794 deditionem

135 836 403 914 adhortarentur,
418 835 591 920 ,praesidio
606 837 779 904 insecutos*
801 837 999 916 concidisse3
1023 859 1094 902 eum
1118 848 1227 906 autem
1250 843 1487 926 comperissent

132 951 307 1034 Ateguam
318 971 435 1014 revera
446 952 478 1012 in
492 949 645 1016 Caesaris
658 959 824 1036 potestate
836 973 919 1030 esse,
943 952 1049 1016 salute
1072 973 1131 1016 suu
1147 951 1321 1037 desperata
1337 951 1486 1040 (,illius

133 1085 269 1148 opera
291 1084 334 1128 se
356 1063 554 1148 perisse‘)
578 1085 660 1143 eum,
684 1067 740 1150 qui
757 1065 1091 1151 legatosiugulasset‚
1114 1065 1183 1133 seii.
1197 1065 1307 1131 caedis
1320 1073 1486 1136 auctorem

132 1176 287 1262 lapidare
312 1179 405 1259 rique
428 1198 542 1241 manus
564 1180 726 1242 intentare
749 1181 908 1263 coepisse.
953 1178 1059 1257 Quom
1082 1177 1123 1240 ab
1147 1177 1319 1262 oppidanis
1341 1183 1487 1264 petiisse,

133 1299 177 1354 ut
200 1289 263 1354 sibi
284 1289 399 1354 liceret
420 1289 531 1374 legato
555 1288 597 1353 ud
621 1288 797 1354 Caesarem
816 1290 980 1374 proficisci
993 1289 1301 1373 eiquesatisfacere,
1326 1299 1487 1377 etpotes-

135 1411 209 1468 tate
233 1401 310 1466 data
332 1401 407 1465 iude
429 1401 615 1486 profectum
637 1422 822 1487 magnaque
844 1423 940 1465 manu
957 1411 1145 1486 comparata
1167 1423 1243 1486 per
1264 1389 1486 1470 fallaciam

136 1519 173 1579 iu
208 1515 321 1578 urbem
353 1490 521 1598 receptum
552 1500 662 1580 multis
695 1515 877 1580 interfectis
912 1515 1067 1599 oppidum
1101 1518 1133 1578 in
1168 1537 1258 1579 suam
1289 1526 1486 1602 potestatem

137 1617 307 1712 recepisse
330 1635 364 1692 et
385 1627 628 1692 aeerbissimam
651 1626 904 1692 dominationem
928 1630 1127 1693 exercuisse.
1173 1629 1252 1694 Inde
1268 1631 1486 1716 colligendum

140 1749 193 1805 est
214 1740 443 1806 Ursaonenses
466 1746 555 1804 metu
578 1738 731 1804 Caesaris
753 1749 920 1824 permotos
945 1739 1080 1804 eaedem
1094 1741 1276 1826 legatorum
1291 1741 1486 1810 lamentatos

140 1873 214 1918 esse
244 1861 278 1918 et
304 1855 338 1916 in
368 1851 567 1918 deditionem
597 1874 633 1918 so
661 1855 851 1938 permittere
881 1855 914 1916 in
944 1855 1050 1916 auimo
1074 1853 1245 1935 habuisse,
1276 1854 1335 1919 sed
1357 1856 1399 1920 ab
1422 1879 1486 1920 uno

138 1969 283 2034 scelesto
304 1967 434 2032 homins
457 1967 634 2052 perdolum
646 1970 885 2032 circumventos
898 1976 931 2030 et
944 1976 1076 2066 coactos
1089 1988 1174 2050 esse,
1197 1971 1234 2030 'ut
1246 1969 1340 2032 inviti
1351 1967 1487 2054 Caesari

139 2089 361 2166 repugnarent
383 2079 566 2164 urbemque
586 2083 773 2144 retinerent.

244 2192 338 2271 Quae
368 2194 512 2256 narratio
540 2193 617 2256 mihi
649 2191 759 2256 multis
789 2192 827 2255 de
860 2191 966 2255 oausis
987 2193 1020 2254 in
1046 2190 1316 2276 disceptationem
1339 2194 1488 2259 voranda

143 2327 216 2370 esse
245 2305 390 2370 videtur:
425 2307 564 2388 primum
593 2303 681 2387 quod
713 2325 777 2368 non
807 2305 923 2384 habeo,
954 2323 1055 2388 quare
1079 2304 1244 2390 oppidani,
1267 2309 1294 2370 si
1317 2328 1434 2372 revera
1455 2309 1487 2370 in

143 2417 292 2502 Ateguae
321 2419 454 2484 fortuna
484 2415 645 2482 Ursaonis
675 2417 812 2482 salutem
847 2421 987 2502 positam
1021 2437 1095 2482 esse
1130 2420 1389 2492 existimassent,
1423 2439 1488 2482 non

142 2535 244 2616 primo
274 2533 429 2596 maiorem
460 2530 642 2616 legatorum
673 2531 832 2594 rationem
864 2529 1007 2593 habituri
1035 2529 1172 2609 fuerint,
1200 2532 1392 2614 praesertim
1415 2551 1487 2594 eum

140 2647 224 2730 ipsi
253 2645 376 2708 huius
399 2643 507 2707 urbis
529 2641 757 2727 indigenae
779 2642 885 2705 huno
907 2644 1095 2705 nuntium
1119 2642 1488 2734 attulissent¹),ut

141 2779 204 2820 non
228 2766 351 2821 temere
374 2749 485 2820 eorum
501 2757 610 2820 verbis
623 2757 706 2821 fides
719 2755 909 2841 abroganda
922 2764 1026 2836 esset3
1050 2754 1169 2820 deinde
1181 2755 1270 2838 quod-
1282 2754 1487 2835 Ucubenses

140 2872 169 2932 si
190 2867 325 2933 Caesari
348 2869 539 2933 satisfacere
563 2877 596 2932 et
619 2867 937 2944 caedemresarcire
960 2867 1151 2948 voluissent,
1174 2870 1244 2934 sine
1267 2866 1366 2932 dubio
1378 2870 1487 2953 potius

141 2991 306 3044 auctorem
337 2981 447 3046 caedis
475 2983 695 3048 trucidassent
718 2993 752 3046 et
773 2983 887 3047 urbem
910 2985 1012 3066 ipsam
1037 2981 1249 3048 tradidissent
1271 3005 1367 3068 quam
1389 2986 1485 3048 istum

141 3093 299 3156 nefarium
323 3095 483 3161 hominem
506 3096 611 3160 solum
634 3095 676 3160 ad
697 3098 928 3180 imperatorem
951 3097 1134 3175 misisseut3
1156 3104 1225 3160 tum
1248 3098 1337 3180 quod
1359 3117 1486 3180 nequa-

140 3209 434 3290 quamverisimilo
458 3217 509 3274 est
531 3231 627 3274 unum
651 3211 756 3272 virum
789 3207 883 3273 brevi
912 3215 1020 3272 tantos
1052 3211 1162 3293 copias
1195 3229 1421 3294 comparasse,
1450 3221 1487 3274 ut

140 3341 198 3402 per
220 3319 383 3394 fallaciam
406 3321 451 3404 (i)
479 3325 511 3384 in
539 3321 652 3384 urbem
680 3329 834 3406 receptus
864 3340 976 3384 omnes
1008 3322 1097 3384 oives
1125 3321 1159 3382 vi
1182 3343 1337 3406 superare
1361 3299 1485 3408 posset.

142 3420 319 3500 Praeterea
348 3456 390 3499 ex
421 3434 558 3518 singuiis
587 3437 690 3498 nostri
720 3435 822 3518 ipsius
852 3435 995 3499 auctoris
1028 3433 1137 3497 verbis
1168 3433 1309 3499 dilucide
1348 3446 1487 3521 apparet

141 3549 381 3612 interfectorem
397 3548 587 3632 legatorum,
612 3549 824 3631 quivooatur,
845 3548 878 3608 in
901 3546 983 3612 urbe
1006 3545 1157 3612 Ursaous
1180 3550 1301 3612 amicos
1318 3548 1485 3613 fautores-

141 3681 205 3743 que
228 3661 409 3744 reliquisse.
454 3659 538 3725 Nam
569 3681 658 3740 eum,
688 3662 745 3742 qui
773 3680 846 3743 per
872 3658 1086 3724 fallaciam
1116 3662 1149 3722 in
1179 3659 1333 3744 oppidum
1363 3664 1485 3746 optime

142 3774 294 3834 munitum
305 3769 330 3854 ²)
352 3774 537 3856 recipiatur,
562 3793 663 3857 opera
685 3772 862 3836 amisorum
884 3775 944 3836 niti
966 3793 1104 3838 neeesse
1127 3780 1194 3849 est;
1224 3781 1257 3838 et
1279 3776 1307 3837 si
1330 3777 1486 3860 scriptum

142 3894 268 3950 exstat:
290 3881 573 3970 ‚principibus
593 3887 665 3969 qui
680 3886 761 3951 sibi
785 3889 988 3951 contrarii
1008 3877 1202 3968 fuissent,
1218 3887 1485 3967 interfectis‘,

140 4019 212 4062 mea
234 3996 365 4081 quidem
388 4001 552 4062 sententia
574 4001 721 4082 sequitur
751 4001 849 4063 etiam
871 3999 973 4063 fuisse
1003 4001 1188 4083 prinsipes,
1219 4003 1275 4082 qui
1305 4021 1369 4063 uon
1403 4008 1485 4063 eon-

139 4113 230 4175 trarii
254 4118 371 4184 essent,
394 4112 414 4175 i.
439 4131 467 4178 s.
491 4113 623 4178 amieos.
669 4111 861 4198 Oppidanos
893 4133 972 4176 vero
1002 4133 1067 4175 non
1095 4114 1129 4175 vi
1159 4119 1307 4191 coaetos,
1336 4111 1395 4176 sed
1426 4133 1485 4176 suu

139 4231 255 4308 sponte
278 4223 417 4308 Pompei
439 4223 604 4289 studiosos
628 4225 731 4289 fuisse
754 4246 793 4290 ao
815 4228 974 4290 mansisse
1003 4225 1082 4288 mihi
1111 4224 1327 4289 demonstrari
1355 4222 1486 4286 videtur

397 4399 1026 4410 w—ud--—...-—-——s...-.-....-.--
1076 4399 1407 4407 ....—..—⁴-...-.......-,.-
1416 4399 1479 4405 ..-....

244 4507 265 4569 ¹)
284 4508 330 4558 cir.
350 4522 409 4571 cap.
428 4509 479 4572 ¹22„
505 4506 559 4570 ,qui
578 4509 604 4556 in
624 4505 849 4572 oppidanique
867 4505 1054 4558 Ursaonenses
1080 4508 1151 4570 capti
1174 4508 1241 4566 siut,
1265 4505 1347 4570 iegati
1370 4503 1487 4568 profecti

143 4604 204 4646 sunt
223 4614 280 4651 eum
299 4603 416 4656 nostris‘.

245 4693 265 4762 ¹)
282 4697 322 4746 De
340 4697 469 4748 Ursaonis
489 4697 683 4747 munitionibus
703 4697 794 4748 ronier
814 4713 873 4762 cup.
891 4698 932 4746 41.
