3446 5384
808 402 847 466 75

150 647 285 704 coactas
318 641 349 730 in
387 639 584 712 deditionem
620 643 760 704 vonisse.
816 638 974 722 Idemque
1014 641 1152 724 scriptor
1194 641 1350 707 memoria
1389 637 1500 724 prodit

148 751 308 833 XLlll,aa
323 773 385 816 elan
409 751 581 818 Sextum
604 754 798 837 Pompeium
811 751 998 817 Cordubam
1020 775 1080 818 suo
1104 762 1251 838 tempore
1273 751 1446 836 reliquisse
1456 749 1498 836 1);

150 864 332 930 Gnaeum
373 868 519 930 saucium
554 887 598 930 ex
631 865 758 950 proelio
793 864 967 931 Mundensi
997 865 1161 932 Carteiam
1195 866 1405 951 profugisse,
1440 863 1500 930 sed

148 978 293 1043 tumultu
322 981 484 1046 concitato
514 981 547 1045 in
569 979 671 1042 altum
694 986 889 1064 provectum
912 977 1044 1044 atinde
1067 1000 1234 1044 reversum
1256 981 1289 1042 in
1312 980 1499 1044 interiorem

149 1090 344 1175 Hispaniam
367 1112 403 1157 se
428 1092 605 1158 contulisse
628 1100 729 1175 atque
751 1093 785 1156 in
808 1089 939 1156 deserto
958 1092 1166 1157 interfectum
1177 1113 1251 1158 esse
1263 1091 1300 1173 2).
1329 1091 1499 1156 Hactenus

149 1203 217 1266 Dio
242 1199 375 1269 Cassius
399 1224 471 1266 eum
494 1210 609 1268 nostro
631 1211 776 1282 auctore,
799 1211 1032 1290 praeterquam
1055 1204 1145 1288 quod
1167 1204 1219 1270 hic
1242 1203 1369 1288 singula
1396 1202 1499 1268 multo

151 1317 319 1402 copiosius
358 1323 459 1400 atque
493 1318 678 1383 accuratius
712 1318 867 1400 exponit,
902 1319 1024 1404 optime
1058 1321 1228 1383 consentit.
1275 1316 1358 1383 Cum
1390 1323 1500 1379 autem

149 1425 311 1509 XLlll,ao
334 1427 416 1492 haec
441 1428 572 1494 scribit:
595 1425 652 1492 καὶ
674 1421 692 1492 ὁ
716 1426 836 1507 Δίδιος
857 1420 993 1514 ἀγνοοῖ
1001 1452 1018 1492 ν
1038 1452 1073 1496 re
1096 1431 1193 1510 τοῦτο
1215 1428 1286 1512 (On.
1307 1428 1501 1512 Pompeium

151 1543 228 1608 esse
251 1544 405 1620 occisum)
433 1541 490 1608 καὶ
518 1530 732 1624 πλανώμενος
760 1531 807 1616 οἷς
835 1539 895 1605 καὶ
927 1539 1098 1626 συμμίξων
1124 1565 1190 1610 που
1212 1532 1312 1626 αὐτῷ,
1334 1535 1501 1618 συνέτυχεν

149 1652 276 1740 ἑτέροις
296 1652 365 1720 τισὶ
387 1645 639 1734 καὶψᾶπιόλετοζ
662 1663 777 1740 aperte
801 1654 977 1740 discrepat.
1011 1654 1229 1720 Nosterenim
1243 1652 1501 1738 scriptorcapite

150 1769 194 1830 40
216 1776 326 1834 namet
348 1768 481 1834 Didium
504 1769 679 1834 interfecto
695 1766 753 1834 Cn.
778 1768 937 1853 Pompeio
959 1768 1171 1834 adolescente
1193 1768 1271 1834 illa
1292 1766 1361 1832 aff
1366 1772 1501 1831 ectum

149 1878 325 1943 laetitia
353 1881 387 1942 in
414 1881 601 1966 proximum
631 1878 802 1947 castellum
825 1902 863 1946 se
885 1884 1051 1967 recepisse
1074 1880 1312 1972 nonnullasque
1333 1900 1435 1944 naves
1457 1877 1500 1942 ad

150 1991 363 2056 reficiendum
385 1990 604 2074 subduxisse,
635 1990 695 2058 scd
725 1993 935 2058 aLusitanis
966 1996 1220 2060 circumventum
1252 1999 1285 2056 ct
1307 2011 1501 2078 oppressum

152 2126 235 2172 esse.
272 2103 351 2169 'Aut
380 2105 467 2168 hunc
495 2111 552 2170 aut
583 2105 675 2171 illum
711 2126 823 2172 errore
857 2127 931 2171 esse
963 2105 1180 2192 implicatum¹
1197 2107 1404 2190 perspicuum
1439 2111 1499 2168 est.

151 2216 250 2296 Quod
279 2224 388 2280 autem
419 2217 477 2284 Cn.
509 2218 705 2304 Pompeius,
744 2237 841 2302 quem
874 2219 907 2284 in
940 2226 1061 2286 terram
1094 2219 1282 2284 interiorem
1312 2215 1502 2302 profugisse

151 2322 285 2394 Didium
308 2350 376 2412 non*
397 2329 611 2415 effugeratil,
642 2330 705 2396 nisi
727 2337 815 2396 terra
837 2330 1088 2416 consequendos
1110 2350 1176 2396 non
1197 2330 1261 2394 fuit
1282 2349 1389 2413 neque
1412 2328 1500 2392 veri-

121 2485 124 2496 -
151 2443 256 2508 simile
280 2449 331 2506 est
353 2440 497 2523 Didium,
521 2443 579 2525 qui
600 2441 698 2506 classi
719 2440 919 2531 praesceti),
940 2443 1080 2509 navibus
1102 2442 1225 2508 relictis
1248 2437 1362 2508 terra
1379 2459 1501 2526 perva-

151 2563 263 2641 gatum
289 2573 380 2634 csse,
409 2554 514 2618 nostri
543 2555 686 2618 auctoris
718 2555 935 2620 narrationem
964 2553 1108 2620 iudicare
1137 2561 1260 2620 rectam
1289 2574 1354 2617 non
1377 2551 1500 2619 dubito.

151 2665 227 2730 Huc
248 2663 387 2747 accedit,
411 2665 500 2750 qnod
516 2665 717 2732 Caesennius
730 2667 839 2732 Lento
855 2668 1048 2753 Pompeium
1071 2666 1334 2753 persequendum
1358 2666 1503 2750 suscepit

153 2788 186 2846 et
215 2779 380 2856 interfecti
410 2787 509 2864 caput
537 2777 673 2844 Caesari
701 2780 827 2864 attulit,
857 2789 893 2846 nt
921 2802 1023 2866 quare
1053 2781 1170 2846 Didius
1201 2802 1273 2845 enm
1302 2780 1501 2862 investigare
1537 2781 1539 2785 ’

152 2891 323 2971 studuerit,
345 2911 411 2956 non
433 2894 477 2956 sit
498 2891 766 2979 intellegendum.
812 2891 899 2960 Sane
922 2893 1010 2982 apud
1033 2893 1247 2960 Plutarchum
1268 2895 1325 2958 vit.
1341 2890 1436 2956 Caes.
1460 2889 1501 2954 56

122 2987 124 2994 ’
153 3007 308 3090 seriptum
340 3003 497 3090 legimus:
539 3006 609 3086 ,οοῦ
637 3004 674 3073 δὲ
701 3005 926 3096 πρεσβυτέρου
948 3005 1035 3092 ’μεθ’
1066 2997 1189 3096 ἡμέρας
1222 3001 1336 3093 ὀλίγος
1366 3000 1501 3076 Δείδιος

153 3111 300 3204 ἀνήνεγκε
326 3111 384 3204 τὴν
408 3112 582 3214 sepelir,
616 3120 674 3186 sed
698 3142 771 3188 cum
794 3130 828 3188 et
849 3122 914 3186 Dio
937 3124 1010 3208 ipse
1033 3120 1191 3202 XLlll‚40
1214 3127 1249 3184 ot
1269 3119 1399 3200 Florus,
1423 3119 1500 3202 epit.

152 3231 223 3314 Ilpa
254 3241 288 3298 et
320 3231 415 3300 Oros.
445 3231 532 3314 vta
562 3236 648 3300 inter
676 3256 713 3300 se
743 3244 960 3324 congruentes
998 3236 1144 3300 referant
1172 3233 1388 3300 Caesennium
1428 3249 1501 3295 esse

148 3347 287 3431 Pompei
328 3347 574 3420 interfectorem
615 3347 769 3434 idemque
803 3347 920 3416 Cicero
954 3349 1053 3413 Phil(
1074 3347 1171 3432 xlta
1208 3346 1351 3411 indicare
1384 3343 1500 3409 videa-

149 3452 259 3548 ῐοοό),Ι
277 3459 368 3529 illum
393 3469 560 3527 auctorem
585 3461 672 3538 false
686 3462 865 3548 prqtulisse
888 3483 1019 3529 censeo.
1054 3461 1170 3546 Itaque
1191 3464 1225 3525 in
1247 3460 1309 3524 hac
1330 3481 1366 3524 re
1390 3464 1502 3525 nostro

150 3575 298 3658 scriptori
320 3595 446 3638 summa
467 3572 551 3638 fides
575 3583 636 3646 est,
651 3572 768 3643 danda.

1134 3747 1499 3759 W

225 3891 228 3896 ,
253 3856 274 3921 ¹)
293 3855 406 3906 Sextum
425 3869 455 3906 se
475 3867 601 3912 servasse
619 3859 730 3904 narrant
749 3854 831 3906 etiem
859 3853 975 3920 Appiam
995 3855 1058 3906 bell.
1079 3856 1130 3904 eiv.
1150 3854 1233 3919 flant
1261 3850 1431 3903 Plnt.·Caes.
1452 3852 1499 3912 563

154 3952 225 4001 Flor.
244 3967 286 4016 ep.
305 3951 373 4016 Hm.
678 4003 681 4012 ,
1199 3949 1204 3962 ’

257 4043 278 4114 ¹)
297 4047 346 4096 cfr.
364 4044 436 4110 App.
455 4044 519 4096 bell.
539 4046 589 4095 civ.
601 4045 683 4111 11„„„;
702 4043 774 4096 Plut.
789 4041 869 4097 Caes.
879 4043 929 4108 563
946 4043 1044 4094 Vellei.
1059 4043 1116 4094 Pat.
1136 4044 1209 4110 11,„;
1227 4043 1326 4092 Florus
1336 4041 1407 4106 Epit.
1426 4043 1499 4107 11„³;

154 4141 229 4192 Oros.
247 4140 325 4208 Vlm.

254 4234 275 4303 ³)
293 4237 342 4286 cfr.
361 4249 420 4300 cap.
433 4237 466 4289 37
485 4233 590 4301 ,Didius
605 4234 694 4286 classd
713 4238 840 4300 accurrit,
858 4250 943 4286 naves
961 4233 1089 4301 incendit,
1107 4234 1343 4300 nonnullaseapit.
1352 4233 1499 4299 Pompeius

157 4347 215 4384 cum
232 4335 326 4398 paucis
344 4333 465 4398 profugit
484 4337 510 4382 et
527 4332 618 4382 loenm
636 4333 772 4396 quendam
789 4335 922 4384 munitum
941 4337 1036 4382 natura
1053 4330 1177 4396 ceeupnt‘
1198 4336 1250 4382 ete.

257 4428 276 4494 ⁴)
296 4429 344 4480 cfr.
362 4443 422 4493 cap.
440 4429 488 4492 373
505 4427 613 4493 Florus,
631 4427 702 4492 Eplt.
719 4427 794 4494 IIm5
812 4427 864 4478 Dio
883 4427 959 4484 Cass.
977 4424 1112 4494 XLIllm.

259 4523 280 4589 ⁵)
300 4521 356 4576 Cic.
375 4523 446 4576 Phil.
463 4522 540 4589 X11„
559 4523 700 4576 Scimusne
718 4526 810 4591 igitur,
829 4524 934 4590 Pansa,
961 4525 1060 4588 quihus
1077 4524 1105 4574 in
1127 4524 1194 4574 locis
1219 4539 1291 4574 nune
1316 4525 1352 4574 sit
1369 4524 1498 4574 Lentonis

159 4619 290 4670 Caesenni
308 4620 508 4684 septemviralis
526 4621 695 4670 auctoritas?
722 4647 754 4658 -
779 4621 846 4681 Quis
873 4621 954 4686 igitur
976 4620 1042 4670 mihi
1068 4623 1189 4686 praestat
1214 4619 1406 4672 Lentonem
1433 4635 1498 4670 uno

160 4718 274 4780 eapite
293 4729 370 4766 esse
388 4715 618 4766 contentum?
