3446 5384
916 443 957 505 54

265 681 446 744 alternis
479 702 558 744 non
592 679 723 744 solum
762 680 889 742 morti
930 687 1103 744 mortem
1147 683 1493 767 exaggerabant,
1547 685 1634 750 sed

265 793 449 858 tumulos
472 791 646 857 tumulis
670 790 1000 874 exaequabant‘.

368 905 455 968 Huic
476 907 655 970 narrationi
677 904 753 967 Dio
777 902 1002 970 contradicere
1031 904 1162 970 videtur
1184 905 1343 990 XLlIl,rr
1376 909 1489 976 dicens
1519 904 1631 985 ,uduo

265 1013 306 1103 δὴ
317 1017 375 1104 τῆς
386 1041 421 1083 ra
433 1009 554 1090 Οὐλίας
565 1016 731 1090 παντελῶς
743 1009 909 1100 ἀπανέστη
928 1012 984 1079 καὶ
1003 1012 1216 1083 insterneret
1234 1018 1280 1102 τῷ
1299 1021 1430 1106 orporq‘
1447 1015 1486 1088 ori
1505 1015 1633 1108 μάτην

265 1129 423 1219 ἠπείχθη.
447 1117 701 1215 προπυθόμενος
710 1121 771 1216 γὰρ
784 1119 910 1196 τοῦτοὸ
925 1133 1054 1218 Καῖσαρ
1074 1119 1297 1216 ἀπεχώρησεν·
1316 1133 1421 1196 νοσῶν
1437 1125 1498 1222 ydp
1516 1125 1632 1218 ἐτύγ-

266 1250 381 1325 χαινενί.
415 1241 451 1308 Si
471 1243 555 1306 euim
573 1261 613 1304 ex
630 1244 802 1327 participio
827 1230 1038 1332 ‚uponvdo'
1048 1247 1181 1322 μενοςι
1205 1243 1329 1327 aliquid
1349 1245 1505 1330 colligere
1524 1245 1628 1327 licet,

266 1358 395 1421 omnino
415 1354 590 1420 Caesarem
608 1359 672 1420 iam
689 1364 765 1420 ante
776 1357 915 1440 Pompei
930 1355 1105 1420 adventum
1118 1355 1272 1421 Corduba
1282 1357 1391 1424 abisse
1404 1361 1626 1424 statuendum

268 1477 327 1534 est.
372 1468 482 1533 Nihilo
513 1472 618 1534 minus
645 1472 679 1532 in
708 1470 870 1534 sententia
900 1489 1015 1532 maneo
1045 1489 1203 1554 pugnam,
1236 1472 1327 1534 cuius
1356 1479 1469 1562 noster
1497 1481 1627 1536 auctor

266 1583 461 1646 mentionem
483 1582 573 1664 fecit,
595 1583 717 1663 initam,
741 1580 800 1645 sed
822 1602 842 1643 a
864 1580 981 1660 Diona,
1004 1581 1060 1664 qui
1082 1579 1228 1666 singulas
1249 1589 1375 1646 tantum
1397 1583 1475 1649 belli
1498 1595 1624 1669 partes

265 1697 450 1761 accuratius
473 1692 695 1779 descripserit,
718 1693 847 1758 silentio
870 1695 1081 1778 praeteritam
1104 1715 1187 1759 esse.
1221 1694 1340 1779 Neque
1362 1699 1446 1760 enim
1470 1707 1530 1779 est,
1558 1721 1623 1765 cur

267 1807 456 1888 Caesarem,
487 1809 543 1891 qui
565 1807 723 1890 Pompeio
751 1805 871 1870 bellum
901 1805 1050 1870 illaturus
1079 1808 1346 1892 provinciamque
1378 1818 1551 1896 erepturus
1585 1815 1620 1876 in

267 1921 460 2005 Hispaniam
483 1927 629 2001 venerat,
658 1918 745 2004 apud
769 1917 955 1984 Cordubam
977 1917 1200 1984 adversarium
1223 1923 1347 1986 vitasse
1378 1945 1484 2007 eoque
1512 1947 1619 1990 acce·

267 2032 383 2114 dente,
413 2034 497 2096 sicut
527 2034 698 2116 ignavum,
733 2031 886 2116 effugisse
923 2031 1131 2108 arbitremur3
1173 2053 1281 2116 neque
1312 2035 1490 2116 babemus,
1522 2040 1617 2122 quod

268 2153 434 2210 auctorem
466 2144 525 2208 bas
555 2165 699 2229 pugnas,
739 2164 824 2229 quae
855 2142 1007 2208 Caesaris
1039 2145 1175 2230 gloriam
1205 2149 1309 2230 magis
1339 2149 1485 2212 minuant
1514 2171 1616 2233 quam

267 2264 419 2344 augeant,
436 2266 651 2321 commentum
665 2254 914 2322 esseducamus.
949 2256 1037 2322 Sane
1059 2260 1087 2322 si
1108 2259 1182 2343 ipsa
1203 2262 1347 2324 auctoris
1369 2261 1472 2326 verba
1494 2261 1618 2327 leviter

267 2393 307 2435 ac
319 2379 440 2435 temere
453 2371 629 2453 sequimur,
652 2375 809 2451 utrosque
831 2366 931 2432 dubio
944 2367 1052 2433 Marte
1074 2367 1246 2435 dimicasse
1268 2378 1302 2435 et
1325 2379 1477 2436 eventum
1496 2373 1616 2457 proelii

267 2483 456 2568 ambiguum
479 2482 583 2546 fuisse
605 2479 776 2559 credimus,
799 2479 859 2544 sed
882 2482 909 2544 si
936 2487 1039 2544 totum
1069 2483 1286 2567 expositionis
1315 2491 1505 2548 contextum
1536 2485 1616 2550 dili-

268 2597 397 2680 gentius
419 2595 618 2678 inspicimus,
643 2591 858 2657 Caesarianos
881 2593 1074 2660 discessisse
1085 2594 1259 2660 inferiores
1270 2595 1368 2660 facile
1381 2597 1613 2684 intellegimus.

268 2707 353 2772 Nam
392 2716 541 2772 extrema
576 2707 680 2790 quinti
708 2708 824 2790 capitis
853 2710 1016 2772 sententia
1044 2707 1284 2772 demonstratur
1314 2707 1488 2774 Caesarem
1522 2711 1613 2794 apud

269 2820 456 2886 Cordubam
478 2819 685 2885 adversarios
706 2823 739 2884 in
762 2841 902 2904 aequum
923 2820 1030 2884 locum
1052 2819 1177 2884 illicere
1200 2827 1233 2884 et
1255 2822 1359 2905 primo
1382 2830 1612 2904 quoquetem-

267 2957 349 3021 porc
378 2934 419 3000 de
448 2934 536 2999 bello
565 2935 742 2999 decernere
772 2943 923 2998 conatum
953 2955 1043 2998 esser
1082 2931 1115 2997 Is
1145 2941 1253 2996 autem
1280 2931 1365 3011 dux,
1400 2935 1457 3017 qui
1490 2933 1611 2998 belluis

269 3048 361 3111 brevi
384 3048 545 3112 conficere
567 3046 647 3126 vult,
669 3067 776 3130 neque
799 3047 897 3110 ullam
920 3045 1087 3131 pugnandi
1109 3053 1307 3131 potestatem
1331 3047 1478 3132 neglegit
1505 3069 1612 3132 neque

268 3181 348 3224 vero
371 3160 485 3224 initum
508 3159 668 3244 proelium
690 3160 755 3223 nisi¹
774 3158 914 3224 adverso
937 3158 1045 3222 Marte
1067 3159 1251 3222 intermittit
1272 3179 1380 3242 neque
1404 3159 1528 3240 locum,
1556 3162 1609 3243 qui

269 3271 311 3336 ad
334 3272 462 3338 hostem
485 3273 527 3338 ab
551 3270 672 3358 oppido
695 3280 943 3355 commeatuque
966 3269 1207 3334 excludendum
1229 3270 1401 3356 plurimum
1424 3272 1529 3351 valet,
1549 3272 1606 3334 nisi

269 3386 419 3447 maximis
443 3385 550 3448 causis
573 3383 705 3448 deserit.
740 3383 838 3463 Quod
860 3385 958 3468 igitur
982 3380 1104 3447 Caesar
1125 3383 1207 3448 baec
1230 3385 1337 3448 omnia
1358 3384 1489 3448 admisit
1511 3405 1609 3468 saque

269 3501 301 3561 in
331 3486 479 3581 campum
508 3499 649 3582 recepit,
678 3495 755 3562 inde
783 3497 880 3562 facile
909 3504 1046 3582 apparet
1075 3515 1147 3561 eum
1177 3495 1219 3561 ad
1251 3504 1384 3582 pontem
1418 3496 1610 3562 detrimento

269 3616 406 3694 accepto
430 3609 543 3673 hostes
566 3604 733 3673 sustinere
749 3629 812 3671 non
826 3611 983 3693 potuisse.
1007 3609 1160 3674 Ceterum
1174 3611 1255 3695 ipsa,
1279 3631 1345 3694 qua
1355 3611 1471 3676 infelix
1483 3633 1610 3696 pugnae

271 3729 407 3786 eventus
431 3723 616 3806 exponitur,
639 3723 765 3786 ratione
787 3722 930 3806 suspicio
953 3743 1026 3785 mea
1049 3723 1232 3787 confirmari
1253 3722 1393 3788 videtur.
1424 3721 1506 3787 Cum
1530 3725 1609 3787 enim

270 3843 385 3899 auctor
407 3837 488 3902 alias
511 3857 641 3921 semper
662 3855 830 3899 numerum
852 3833 1027 3918 utrobique
1051 3853 1219 3900 caesorum
1243 3837 1428 3900 nominatim
1443 3837 1610 3922 significet,

270 3969 356 4015 nunc
378 3948 600 4014 communibus
623 3956 722 4031 atque
744 3948 876 4012 tumidis
897 3950 1033 4014 vocibus
1045 3949 1088 4013 ad
1101 3951 1224 4014 exitum
1235 3949 1352 4035 proelii
1365 3949 1611 4014 describendum

272 4066 381 4130 utitur.
427 4063 544 4146 Itaque
572 4064 642 4127 iure
672 4060 895 4126 concludimus
923 4083 1074 4147 magnum
1105 4061 1258 4128 Caesaris
1293 4061 1521 4128 detrimentum
1549 4084 1611 4127 non

269 4176 367 4261 plane
390 4178 514 4262 negari,
538 4175 598 4241 sed
619 4177 712 4239 vanis
735 4173 952 4260 inanibusque
975 4175 1095 4260 verbis,
1117 4195 1202 4260 quae
1226 4177 1322 4240 etiam
1345 4174 1387 4238 ad
1410 4174 1522 4240 hostes
1533 4195 1611 4261 per-

271 4289 385 4372 tinent,
408 4288 512 4353 velari
534 4297 634 4372 atque
657 4287 825 4356 occultari.

374 4518 404 4578 A
435 4519 542 4602 capite
572 4516 685 4600 quinto
714 4537 820 4599 usquc
849 4514 892 4579 ad
923 4521 1023 4600 caput
1051 4512 1325 4577 undevicesimum
1354 4533 1426 4596 res,
1454 4532 1538 4596 quae
1569 4514 1610 4577 ad

272 4631 545 4716 oppugnationem
576 4640 610 4694 et
639 4629 837 4694 deditionem
861 4628 1013 4714 Ateguae
1044 4628 1211 4710 spectent,
1241 4627 1406 4710 copiosius
1435 4634 1607 4694 narrantur.

273 4742 405 4824 Caesar,
431 4763 503 4806 cum
524 4763 631 4834 neque
653 4741 696 4805 ad
718 4740 833 4806 urbem
857 4739 1041 4807 Cordubam
1053 4757 1247 4824 prosperum
1259 4756 1445 4804 successum
1459 4742 1608 4822 consequi
