3446 5384
785 380 822 466 ⁶1

121 620 342 704 ,idemque
364 617 566 700 temporis
589 614 710 699 glans
732 617 858 680 missa
880 621 944 681 est
965 615 1190 698 inscripta,
1219 632 1296 697 quo
1328 612 1394 678 dis
1426 613 1477 679 ad

124 725 593 818 oppidum'capiendum
617 728 893 809 accederent,
923 748 966 794 se
996 734 1158 791 scutum
1188 746 1281 790 esse
1309 730 1477 811 positu-

123 847 244 908 rum‘.
288 842 363 908 Hac
391 849 557 938 potestate
587 862 607 905 a
636 839 779 906 Caesare
808 862 874 906 non
906 841 1067 925 permissa
1101 839 1282 904 Munatium
1315 841 1477 918 Flaccum,

125 957 196 1022 etsi
218 956 367 1022 condicio
390 954 503 1042 oppidi
523 956 557 1019 in
579 954 649 1020 dies
673 954 836 1019 difficilior
857 955 968 1035 fieret,
990 953 1155 1039 Ateguam
1178 975 1274 1038 quam
1296 955 1477 1024 diutissime

126 1069 324 1136 defendisse
353 1078 452 1153 atque
479 1070 653 1134 retinuisse
682 1069 843 1153 capitibus
873 1068 914 1132 13
937 1105 977 1114 -
1002 1069 1042 1131 19
1071 1071 1150 1132 satis
1178 1071 1386 1154 perspicuum
1416 1081 1476 1139 est.

125 1183 252 1266 Neque
274 1170 508 1247 mihi‘dubium
533 1190 598 1259 est,
627 1183 705 1266 quin
727 1183 760 1244 in
783 1180 834 1244 his
856 1179 1005 1250 adversis
1028 1181 1127 1245 rebus
1150 1182 1241 1246 multi
1271 1185 1378 1267 cives,
1407 1189 1477 1249 sive

127 1297 216 1364 clam
240 1294 375 1361 Caesari
396 1315 527 1381 semper
548 1294 707 1360 favebant
727 1296 798 1358 sive
820 1300 888 1357 turn
912 1292 953 1359 ab
978 1314 1017 1358 eo
1040 1293 1110 1358 solo
1133 1294 1271 1360 salutem
1300 1307 1477 1382 exspecta-

128 1409 229 1489 bant,
259 1408 455 1475 Caesaris
484 1406 770 1472 studiosiores
799 1426 835 1470 se
859 1406 1068 1472 exhibuerint
1091 1416 1125 1472 et
1147 1408 1345 1494 oppidanos,
1375 1418 1412 1474 ut
1440 1433 1477 1486 se

130 1542 260 1606 suaque
289 1524 396 1590 omnia
423 1523 557 1585 victoris
585 1519 663 1584 fidei
686 1521 933 1604 committerent,
956 1523 1079 1605 apertis
1104 1522 1238 1586 vocibus
1261 1524 1477 1590 incitaverint.

130 1634 219 1698 Nam
242 1636 339 1699 etiam
361 1636 394 1698 in
416 1633 487 1698 aliis
510 1631 657 1716 urbibus,
681 1640 718 1696 ut
739 1630 849 1697 Ucubi
871 1633 956 1718 (cap.
972 1633 1040 1715 20),
1063 1631 1192 1716 Hispali
1214 1636 1299 1716 (cap.
1314 1635 1371 1720 35)
1393 1637 1478 1704 Car-

132 1751 201 1814 teia
234 1744 609 1832 (easaetenatone
639 1744 899 1810 adversariorum
928 1744 1048 1808 multos
1072 1743 1222 1811 Caesaris
1246 1747 1390 1814 lautores
1415 1773 1478 1816 ex-

134 1863 258 1926 stitisse
286 1861 415 1924 scimus.
459 1857 555 1923 Hanc
586 1860 780 1952 sententiam
814 1859 998 1928 universam
1028 1860 1218 1942 comprobat
1247 1859 1311 1924 Dio
1342 1859 1477 1930 Cassius

134 1971 282 2036 scribens
303 1969 463 2054 XLIII‚ec
485 1963 541 2050 ,ὠς
562 1959 620 2036 οὖν
641 1959 737 2037 τοῦτό
758 1995 793 2037 τε
816 1961 927 2047 αὐτοῖς
949 1962 1155 2056 campestrium
1177 1971 1262 2055 (soil.
1285 1993 1357 2038 cum
1381 1979 1478 2062 oppi-

135 2082 211 2148 dani
230 2077 306 2168 i'gne
329 2069 367 2148 et
385 2083 460 2148 telis
477 2081 860 2148 Caesarianorum‘valde
876 2082 990 2148 violati
1013 2083 1140 2168 essent)
1151 2081 1206 2148 καὶ
1221 2078 1240 2172 ἡ
1252 2085 1291 2172 γῆ
1304 2079 1488 2174 ἐπορθεῖτο·

134 2196 192 2262 τοῦ
203 2218 239 2262 τε
251 2187 462 2278 τειχίσματός
473 2219 504 2261 τι
523 2191 559 2277 ἐξ
580 2189 754 2279 ὑπονόμων
775 2187 923 2273 ἔπιπτεν,
946 2189 1221 2274 ἐστασίασαν,
1244 2196 1300 2262 καὶ
1322 2187 1479 2291 πρότερος

136 2307 194 2393 μὲν
212 2301 230 2376 ὁ
243 2301 392 2383 Φλάκκος
401 2302 454 2380 ἐπ’
466 2299 564 2394 ddel'q
575 2303 675 2375 αἰτοῦ
690 2331 725 2376 τε
738 2306 795 2374 καὶ
810 2297 969 2375 συνόντων
984 2306 1016 2374 οἱ
1033 2301 1116 2396 πρὸς
1127 2304 1182 2375 τόν
1200 2307 1356 2402 Καίσαρα
1372 2314 1479 2402 διεκη-

136 2410 323 2510 ροκεύσατο,
347 2417 464 2488 ἔπειτα
487 2412 585 2488 di
545 2444 640 2496 ουτος
661 2419 721 2504 μέν
744 2413 812 2508 (οὐ
833 2445 911 2511 γαρ
922 2413 1122 2510 ἠθέλησε
1143 2415 1193 2489 τοὶ
1215 2415 1324 2491 ὅπλα
1346 2450 1477 2518 παρα-

138 2535 307 2624 δοῦναι)
342 2524 574 2625 διήμαρτεν
607 2527 755 2622 αὐτῆς,
786 2532 819 2600 οἱ
849 2531 885 2601 δὲ
907 2528 1002 2602 αλλοι
1024 2534 1057 2600 oi
1081 2525 1256 2654 e'nrxo'prot
1278 2561 1360 2621 μετα
1383 2541 1480 2608 τοῦτο

138 2640 472 2739 καὶὲπρεσβεύσαντο
495 2645 551 2712 καὶ
575 2643 793 2734 συνέβησαν
775 2641 828 2736 εφ’
852 2637 904 2722 οἷς
925 2639 1114 2716 ἐκελεοοντο.

240 2812 368 2896 Quodsi
389 2835 443 2880 res
465 2817 511 2880 ita
533 2836 570 2880 se
593 2814 717 2896 habuit,
694 2814 819 2879 tmihi
839 2813 1093 2899 haudquaquam
1116 2816 1229 2878 mirum
1253 2837 1326 2881 esse
1339 2817 1478 2900 videtur,

141 2931 168 2992 si
190 2928 258 2992 dux
279 2929 322 2992 ab
345 2927 494 2993 hostibus
516 2905 660 2993 inclusus
684 2937 717 2992 et
739 2927 1025 2992 vehementissime
1048 2935 1188 2992 vexatus
1211 2949 1278 3006 eos,
1309 2933 1365 3013 qui
1394 2930 1480 2995 alte-

141 3044 205 3104 rius
236 3041 386 3106 factionis
414 3041 599 3127 cupidiores
629 3049 722 3106 erant
745 3049 778 3105 et
800 3040 882 3106 alios
905 3061 1037 3124 quoque
1059 3043 1148 3104 cives
1171 3041 1342 3106 detrahere
1365 3043 1480 3107 stude-

140 3153 226 3234 bant,
248 3157 451 3239 gravissimis
473 3158 588 3240 poenis
612 3154 747 3220 allicere
771 3161 904 3218 coactus
927 3162 987 3218 est.
1033 3151 1119 3218 Sane
1142 3157 1254 3240 negari
1277 3175 1342 3218 non
1369 3165 1482 3240 potest

140 3287 250 3334 manus
273 3267 449 3333 Lusitanas
472 3267 611 3333 Munatii
633 3266 756 3348 Flacci,
779 3277 816 3333 ut
838 3276 931 3332 erant
953 3267 1113 3332 barbarae
1138 3275 1170 3331 et
1180 3266 1314 3352 repulsa
1326 3265 1478 3332 Caesaris

141 3379 366 3460 exacerbatos,
389 3379 453 3444 hoc
474 3380 603 3445 facinus
626 3415 668 3428 -
689 3401 750 3466 per
773 3401 810 3446 se
833 3379 1054 3445 excusandum
1078 3415 1119 3426 —-
1142 3379 1365 3444 crudelissime
1389 3401 1480 3444 com-

140 3493 263 3558 misisse
298 3500 398 3577 atque
430 3512 472 3557 ne
506 3492 636 3557 feminis
669 3492 802 3577 quidem
831 3495 1036 3578 pepercisse,
1065 3494 1112 3557 ita
1144 3501 1181 3556 ut
1202 3492 1379 3578 Pompeius
1408 3495 1480 3577 ipse

140 3605 324 3692 indignatus
347 3607 390 3671 sit
412 3605 497 3690 (cap.
522 3605 596 3688 18);
618 3613 653 3670 at
675 3612 765 3671 certe
787 3605 850 3686 hic,
874 3607 930 3689 qui
952 3607 1024 3690 ipse
1039 3603 1191 3671 Caesaris
1206 3605 1369 3670 studiosos
1393 3607 1480 3668 occi-

141 3717 225 3783 disse
248 3725 398 3782 narratur
425 3718 511 3802 (cap.
535 3716 632 3806 tls),
662 3738 728 3783 uon
757 3715 900 3783 moleste
926 3717 1015 3799 tulit,
1046 3717 1136 3801 quod
1166 3721 1295 3782 omnino
1325 3718 1480 3803 oppidani

141 3833 171 3893 in
173 3831 312 3912 terfecti,
335 3830 394 3895 sed
415 3830 506 3913 quod
529 3829 706 3896 crudeliter
728 3831 867 3916 iugulati
888 3838 974 3898 sunt.¹
996 3831 1176 3915 -Itaque
1200 3834 1392 3916 scriptorem
1418 3852 1481 3895 no-

142 3949 249 4022 strum,
271 3941 360 4026 quod
374 3964 490 4008 causas
506 3943 618 4008 caedis
635 3965 701 4009 non
716 3939 875 4018 attulerit,
897 3942 956 4008 sed
979 3941 1186 4008 adversarios
1209 3946 1303 4028 quasi
1325 3943 1414 4007 nulla
1438 3943 1480 4008 de

142 4077 236 4122 causa
264 4075 341 4121 suos
370 4059 491 4121 amicos
521 4057 704 4123 trucidasse
732 4056 985 4137 insimulaverit,
1014 4056 1111 4124 valde
1130 4054 1383 4142 *vituperandum
1407 4077 1480 4121 esse

142 4188 266 4236 censeo.

238 4340 319 4410 Cum
342 4344 441 4429 igitur
462 4343 566 4410 libera
588 4344 750 4431 profectio
774 4350 863 4409 esset
882 4341 1057 4428 denegata,
1080 4340 1245 4427 praesidia
1268 4341 1379 4430 oppidi
1390 4343 1481 4407 iussu

145 4453 273 4540 Pompei
297 4455 445 4520 omnibus
466 4455 565 4521 rebus
589 4455 837 4541 diligentissime
859 4456 1065 4540 praeparatis
1087 4463 1186 4518 noctu
1209 4457 1344 4520 summis
1357 4456 1480 4520 viribus

145 4565 243 4630 denuo
265 4590 440 4642 excursum
463 4569 612 4633 fecerunt
635 4577 669 4633 et
690 4566 855 4650 adillum,
878 4569 934 4651 qui
956 4577 1046 4632 trans
1067 4565 1196 4632 Salsum
1218 4576 1321 4633 totam
1351 4577 1480 4632 noctem

144 4681 173 4742 in
193 4683 261 4746 acie
279 4684 398 4763 stabat,
421 4704 457 4746 se
469 4684 615 4768 recipere
629 4689 754 4778 conata,
776 4678 836 4744 sed
850 4683 965 4744 iterum
986 4680 1059 4744 fusa
1073 4698 1111 4744 ac
1122 4683 1245 4748 reiecta
1256 4688 1341 4758 sunt.
1355 4679 1481 4764 ltaque
