3446 5384
885 273 925 335 ‘12

800 381 1000 390 -——--——--·-

230 514 398 594 laetari,
420 511 612 576 nonnulli
636 513 760 574 otiam
784 512 947 591 timere,
967 509 1075 593 quod
1096 513 1134 575 in
1154 511 1477 576 eumlccumres
1496 514 1604 574 sor-

230 636 444 710 tunaeque
476 625 651 688 omnium
681 621 1011 687 deducerentur‘
1035 624 1274 708 ..significare
1296 623 1427 687 videtur
1457 625 1599 688 multos

231 739 446 804 Caesarianos
469 757 587 822 magno
610 756 732 821 angore
756 744 789 800 et
811 756 934 821 pavore
957 743 1072 822 captos
1093 736 1206 802 fuisse.
1236 735 1299 802 His
1314 737 1463 801 omnibus
1477 737 1595 800 robus

229 853 309 920 satis
342 851 484 916 efficitur
505 849 578 914 illas
601 846 810 914 condiciones
833 885 872 894 -
896 848 1149 934 haudquaquam
1172 870 1269 914 veras
1292 885 1333 898 ·-
1355 849 1398 913 ad
1420 852 1591 915 virtutem

229 964 491 1030 adversariorum
512 961 718 1028 minuendam
742 981 816 1027 esse
838 963 998 1028 inventas.
1086 1023 1087 1030 ,

332 1193 384 1258 Ds
406 1189 523 1278 proelii
547 1195 640 1257 exitu
662 1190 837 1256 traduntur
859 1191 955 1256 hacc:
978 1211 1050 1276 cap.
1074 1191 1113 1258 31
1138 1197 1240 1256 exta:
1275 1191 1328 1279 „In
1352 1215 1429 1275 quo
1452 1213 1582 1277 proe-

228 1308 287 1370 lio
318 1304 572 1369 ceciderunt
600 1306 718 1369 milia
747 1303 953 1368 hominum
984 1306 1165 1380 circiter
1194 1303 1306 1368 XXX
1336 1313 1377 1368 ct
1405 1306 1439 1368 si
1470 1305 1580 1388 quid

228 1418 427 1504 amplius,
449 1424 688 1502 praeterea
710 1414 940 1498 Labienus,
963 1416 1108 1481 Attius
1132 1415 1267 1482 Varus
1381 1419 1580 1500 itemque

229 1535 404 1618 equites
427 1529 607 1594 Romani
628 1529 852 1613 partimex
877 1529 979 1594 urbe
1009 1530 1164 1614 partim
1194 1549 1242 1592 ex
1272 1531 1492 1614 provincia
1526 1533 1576 1595 ad

227 1646 346 1710 milia
375 1641 437 1712 ΙΙΙ.
480 1642 625 1707 Nostri
657 1639 908 1706 desiderati
939 1640 991 1706 ad
1025 1641 1233 1724 hominum
1267 1641 1387 1707 mille
1420 1648 1574 1730 partim

227 1756 414 1844 peditum
437 1757 587 1841 partim
612 1755 807 1838 equitum,
831 1753 1433 1838 saucii....adversariorum,
1454 1760 1574 1841 aqui-

227 1871 297 1934 lae
325 1877 423 1934 sunt
452 1867 624 1932 ablatae
646 1865 734 1931 XIII
768 1875 808 1931 ct
836 1868 961 1952 sigua
992 1874 1033 1931 et
1062 1867 1206 1932 fasces
1235 1875 1465 1952 practerea
1494 1871 1574 1935 lros

226 1982 396 2048 habuit‘.
442 1981 623 2063 Postquam
650 1987 759 2044 autem
790 1979 844 2044 diu
866 1976 975 2045 Marta
998 1980 1097 2046 dubio
1120 2002 1245 2046 summa
1267 2002 1339 2046 cum
1363 1984 1574 2047 contentione

226 2104 261 2159 et
282 2092 462 2158 acerbitate
485 2097 665 2178 pugnatum
688 2097 788 2176 atque
811 2091 895 2156 adeo
918 2095 1154 2158 atrocissimam
1185 2093 1320 2159 caedem
1348 2094 1468 2158 factam
1497 2115 1574 2158 esse

225 2207 366 2272 vidimus
377 2205 413 2288 l)‚
448 2205 521 2289 quis
553 2211 614 2285 est,
644 2207 701 2287 qui
730 2226 794 2268 non
823 2205 897 2289 plus
927 2227 1023 2292 quam
1052 2206 1141 2271 mille
1164 2205 1381 2272 Caesarianos
1411 2205 1574 2271 cecidisse

226 2319 363 2384 credat?
388 2317 548 2398 —Quod
578 2317 847 2387 Plutarchus
872 2320 943 2399 (vit.
975 2318 1070 2388 Caes.
1100 2320 1194 2404 bibl)
1226 2320 1359 2385 eosdem
1390 2322 1573 2384 occisorum

224 2451 375 2496 numeros
393 2429 537 2513 exhibet,
560 2429 636 2494 inde
655 2452 719 2495 non
738 2438 827 2496 certe
850 2439 986 2516 apparet
1009 2452 1066 2496 eos
1091 2453 1164 2498 esse
1188 2452 1294 2511 veros,
1318 2453 1391 2496 cum
1413 2434 1573 2496 incertum

226 2547 278 2627 sit,
301 2566 343 2608 au
365 2545 418 2608 hic
440 2551 575 2610 auctore
598 2543 677 2608 belli
688 2543 916 2630 Hispaniensis
939 2543 1083 2628 aliquam
1105 2544 1237 2631 quidem
1260 2553 1387 2630 partem
1409 2567 1487 2610 usus
1516 2547 1571 2610 sit.

226 2659 312 2736 eria
336 2658 420 2722 enirn
445 2654 659 2746 Plutarchum
683 2663 716 2720 et
737 2658 769 2720 in
792 2677 926 2720 numero
950 2678 1119 2724 caesorum
1143 2661 1231 2724 etin
1255 2658 1307 2723 dic
1329 2680 1460 2744 pugnae
1481 2659 1572 2722 indi·

226 2769 330 2835 cando
353 2769 404 2857 (τῇ
418 2770 482 2834 τῶν
496 2768 678 2837 Διονυσίων
689 2767 802 2859 ἑορτῇ),
825 2792 910 2855 quae
929 2793 982 2837 res
1000 2771 1042 2836 ab
1061 2770 1134 2835 aliis
1146 2770 1359 2856 scriptoribus
1371 2778 1428 2834 aut
1439 2770 1571 2835 silentio

226 2885 415 2947 omittuntur
437 2890 494 2946 aut
517 2881 647 2946 diverse
670 2881 852 2964 traduntur,
874 2885 989 2948 mirum
1012 2887 1045 2948 in
1066 2882 1198 2948 modum
1221 2903 1293 2948 curn
1307 2891 1420 2948 nostro
1434 2891 1572 2948 auctore

225 2998 408 3061 consentire
430 2994 580 3060 videmus
604 2995 809 3080 eundemque
831 2996 919 3062 bello
943 2996 1100 3062 Africano
1123 3017 1216 3060 usum
1245 3015 1319 3060 esse
1341 2994 1571 3061 Froehlichius

224 3109 319 3192 (Bell.
341 3109 413 3177 Afr.
436 3131 468 3194 p.
492 3108 533 3173 95
555 3108 604 3192 ff.)
636 3109 891 3188 demonstravit,
921 3111 991 3174 iure
1014 3108 1163 3173 Peteri
1191 3109 1369 3172 sententia:
1404 3105 1570 3188 ,Ebenso-

224 3225 333 3309 wenig
355 3224 417 3288 wie
441 3221 583 3287 Caesars
609 3222 871 3288 Commentarien
894 3223 1047 3288 scheinen
1071 3219 1124 3284 dio
1137 3217 1313 3301 Schriften,
1337 3219 1471 3284 dicans
1494 3219 1569 3284 dem

120 3415 122 3424 Ι
222 3333 1052 3422 lIreiseseinerUmgebunghervorgegangcnund
1074 3353 1135 3398 uns
1159 3331 1306 3397 erhalten
1328 3330 1412 3412 sind,
1434 3332 1571 3396 benutzt

222 3471 262 3512 zu
285 3447 376 3536 scin‘.
399 3447 475 3528 (Die
498 3439 638 3528 Quellen
659 3448 836 3512 Plutarcbs
858 3451 890 3511 in
914 3449 978 3513 deu
1000 3445 1220 3533 Biographien
1244 3444 1446 3510 derltiimer.
1469 3444 1570 3511 Halle

225 3560 308 3624 1865
330 3535 731 3644 p.1127)itacaartanda
753 3581 793 3644 ac
824 3559 1018 3646 corrigenda
1044 3559 1194 3639 videtur,
1223 3567 1260 3622 ut
1287 3557 1377 3622 illum
1405 3558 1570 3623 nonnullis

222 3675 351 3757 quidem
373 3674 472 3738 rebus
495 3674 593 3738 ctiam
615 3680 761 3737 nostrum
784 3680 951 3748 auctorem
974 3680 1120 3738 secutum
1143 3692 1217 3737 asse
1240 3670 1395 3738 dicamus.
1429 3670 1570 3736 AtDio

223 3786 397 3850 Cassius
420 3787 644 3869 utrobique
663 3784 789 3849 cladem
801 3787 904 3850 fnisse
916 3805 1064 3870 magnam
1077 3785 1128 3849 his
1139 3781 1249 3850 verbis
1260 3781 1384 3868 prodit:
1407 3783 1569 3865 XLIILas

221 3899 356 3965 τοσοῡιο
385 3887 469 3964 δὀὖν
498 3891 534 3964 ml
563 3891 696 3964 σύνολον
718 3898 783 3964 τῶν
804 3890 978 3980 Ῥωμαίων
1001 3889 1116 3970 πάθος
1144 3890 1414 3984 ἑκατέρωθεν
1435 3891 1569 3982 ἐγένετο,

225 4132 1565 4143 mmmm—.—

327 4279 348 4346 ¹)
368 4282 416 4333 cfr.
434 4281 485 4332 Dic
503 4279 580 4332 Cass.
597 4281 711 4348 XIrIIm
730 4318 736 4332 .
757 4287 885 4333 ..τοσοῦτο
905 4273 978 4356 μόνον
1003 4275 1114 4351 ἑκάτεροι
1138 4275 1243 4344 βοῶντες
1266 4284 1380 4343 ,παῖσον,
1404 4274 1567 4344 andastaua,

220 4371 288 4429 πολὺ
306 4377 348 4447 aqi
366 4374 433 4448 ἔργῳ
445 4373 495 4433 ιτὰς
513 4373 624 4448 γλώπσας
643 4387 710 4450 σφῶν
729 4373 839 4450 ἔφθανον
856 4413 863 4426 .
882 4413 890 4430 .
908 4414 915 4425 .

326 4496 347 4564 ²)
366 4499 415 4548 cfr.
434 4498 508 4550 Plut.
525 4499 574 4549 vit.
593 4495 669 4548 Caes,
689 4498 736 4550 56.-
762 4493 870 4562 ,ἐκείνων
895 4494 937 4570 μὲν
956 4493 1019 4569 ὑπὲρ
1038 4491 1191 4570 τριςμυρὶους
1210 4491 1346 4567 διέφθειρε,
1371 4505 1419 4546 τῶν
1444 4492 1464 4545 δ’
1489 4491 1567 4548 αὑτοῦ

206 4591 317 4688 χιλίους
335 4589 449 4644 ἀπώλεσε
468 4590 525 4650 τοὺς
543 4589 664 4665 ἀρίστους.
