3446 5384
897 412 939 474 60

813 518 1017 528 -a-——-—·-··-··-·-

246 653 375 728 tuque
404 653 548 711 nostro
578 645 789 730 hospites,
817 647 889 730 qui
916 647 956 710 in
986 643 1141 733 oppido
1164 651 1298 725 erant,
1329 643 1537 730 iugulare
1562 652 1614 708 et

247 756 296 824 de
317 779 429 823 muro
450 761 710 845 praecipites
732 760 902 825 mittere
925 768 1172 845 coeperunt,
1201 759 1329 824 sicuti
1351 757 1461 844 apud
1492 757 1612 824 bar-

246 872 385 948 baros;
409 871 518 956 quod
540 881 638 958 post
665 873 870 939 hominum
899 875 1138 940 memoriam
1167 893 1371 958 uunquam
1399 881 1464 937 est
1493 873 1612 937 fac-

247 987 355 1050 tum‘.
402 985 465 1062 los
495 985 734 1072 ,transfuga
754 988 984 1067 nuntiavit,
1013 983 1172 1055 Iunium
1195 983 1396 1070 quendam
1418 984 1611 1070 iugula-

246 1101 360 1164 tione
384 1097 684 1184 oppidanorum
706 1100 820 1164 facta
842 1098 1062 1165 clamasse:
1096 1100 1277 1180 ,facinus
1300 1097 1610 1164 sauciandum

247 1219 288 1277 et
308 1211 448 1276 scelus
470 1213 647 1279 fecisse:
669 1234 756 1277 nam
776 1234 846 1279 eos
868 1212 975 1278 nihil
993 1213 1204 1292 meruisse,
1222 1232 1349 1296 quare
1365 1212 1611 1297 talipoena

246 1325 536 1403 afficerentur,
566 1328 636 1410 qui
664 1313 734 1392 eos
764 1325 813 1392 ad
841 1347 935 1391 aras
964 1333 1005 1392 et
1032 1325 1153 1391 focos
1180 1345 1277 1391 suos
1305 1327 1608 1410 recepissent,

247 1458 403 1521 eosque
425 1437 652 1525 hospitium
676 1436 841 1504 scelere
864 1437 1203 1504 contaminasset
1227 1438 1290 1516 22,r
1316 1435 1467 1523 ,legati
1489 1441 1608 1522 pro-

245 1553 352 1616 fecti
374 1559 484 1630 sunt,
508 1553 567 1615 uti
587 1572 670 1616 rem
693 1560 854 1638 gestam
872 1549 1216 1617 Ursaonensibus
1235 1550 1467 1629 referrent,
1491 1551 1605 1634 quid

246 1670 469 1750 sperarent
494 1661 543 1728 de
565 1661 632 1731 Cn.
656 1665 865 1749 Pompeio,
895 1685 981 1728 cum
1003 1663 1216 1729 vidissent
1244 1663 1436 1748 hospites
1463 1664 1603 1748 iugu-

245 1777 343 1858 lari,
372 1785 596 1862 praeterea
623 1776 754 1842 multa
780 1777 946 1843 sceler'a
974 1775 1023 1843 ab
1051 1777 1105 1841 iis
1133 1777 1250 1859 fieri,
1284 1778 1354 1860 qui
1381 1776 1599 1862 praesidii

246 1909 371 1954 causa
390 1889 439 1955 ab
462 1891 525 1955 his
548 1893 871 1976 reciperentur‘.
916 1889 1004 1971 Quid
1032 1891 1176 1976 turpius,
1206 1890 1286 1974 quid
1307 1888 1437 1956 foedius
1459 1889 1599 1954 bellan-

246 2003 334 2068 tibus
357 2003 533 2090 exprobari
553 2012 674 2090 potest,
699 2026 765 2088 quo
787 2005 1065 2070 maiorecrimine
1087 2005 1279 2089 Pompeiani
1301 2005 1448 2069 accusari
1466 2011 1599 2087 queunt

246 2137 342 2200 quam
366 2118 394 2182 si
412 2139 493 2182 ‚suos
515 2117 663 2202 hospites
686 2119 861 2202 sociosque
882 2117 1050 2204 iugulasse
1072 2115 1249 2183 dicuutur?

332 2279 435 2347 'Saue
456 2283 489 2346 in
511 2281 592 2348 urbe
616 2281 748 2368 Ategua
769 2281 888 2346 multos
911 2280 1093 2367 oppidanos
1114 2301 1135 2346 a
1152 2282 1303 2366 Pompeii
1324 2279 1497 2365 praesidiis
1515 2301 1596 2344 esse

244 2393 437 2459 interfectos
466 2403 590 2460 certum
621 2403 673 2460 est
702 2401 735 2460 et
763 2416 824 2480 per
853 2393 1066 2459 Valerium
1095 2391 1313 2458 Maximum
1341 2394 1420 2461 fact.
1450 2401 1484 2460 et
1512 2392 1594 2459 dict.

246 2528 341 2572 mem.
364 2506 470 2592 IX,r,4
490 2509 715 2591 confirmatum
744 2507 804 2572 sed
831 2506 918 2572 idem
941 2505 1092 2572 Valerius
1121 2506 1215 2573 nobis
1243 2515 1358 2571 auctor
1392 2514 1443 2572 est
1469 2505 1595 2571 Muna-

237 2620 325 2685 tium
337 2619 491 2685 Flaccum
502 2620 712 2705 Pompeianis
724 2621 925 2706 praefectum
945 2641 1034 2698 ,non
1057 2619 1259 2704 hospites,
1283 2619 1413 2702 quiin
1436 2618 1593 2703 oppido

248 2741 366 2798 erant
396 2753 549 2812 ,verum
574 2753 712 2798 omnes
735 2735 824 2798 eius
847 2732 992 2818 oppidi
1015 2733 1146 2812 cives,
1181 2752 1282 2816 quos
1305 2730 1592 2796 studiosiores

248 2845 444 2912 Caesaris
468 2829 744 2910 senserat‘et
766 2846 959 2927 ,feminas
981 2847 1183 2926 virorum,
1207 2846 1278 2929 qui
1300 2843 1339 2908 in
1358 2823 1591 2908 ‘contrariis

246 2959 398 3023 castris
422 2959 570 3038 erant‘,
593 2956 784 3026 trucidasse.
829 2957 997 3023 Neminem
1022 2958 1136 3044 effugit
1158 2965 1306 3023 nostrum
1336 2959 1529 3042 scriptorem
1559 2964 1594 3021 et

245 3071 411 3137 Valerium
434 3072 615 3136 Maximum
638 3073 722 3136 inter
744 3091 781 3136 se
803 3069 976 3156 plurimum
1000 3069 1198 3157 discrepare,
1222 3069 1311 3155 quod
1335 3068 1390 3135 ille
1414 3069 1593 3156 oppida-

245 3187 474 3272 nosipsos,
503 3185 556 3250 hie
579 3182 816 3270 oppidanos
839 3183 1037 3250 Caesaris
1060 3185 1346 3250 studiosiores
1370 3186 1497 3249 occisos
1519 3204 1592 3247 esse

245 3301 421 3364 memoriae
469 3297 589 3385 prodit.
641 3297 763 3383 'Neque
807 3319 1004 3382 quemquam
1042 3298 1159 3364 fallere
1203 3306 1314 3385 potest
1356 3299 1439 3363 hanc
1478 3318 1592 3362 narra-

244 3412 366 3476 tionem
389 3432 449 3496 per
471 3431 508 3476 se
530 3411 604 3497 plus
627 3412 832 3475 auctoritatis
855 3419 889 3476 et
910 3409 989 3476 fidei
1010 3410 1132 3476 habere
1156 3432 1253 3495 quam
1269 3410 1368 3476 iilam.
1404 3409 1473 3478 Sed
1485 3420 1590 3476 tamen

245 3544 315 3588 rem
338 3525 520 3590 accuratius
543 3531 720 3588 tractemus
742 3531 776 3588 et
798 3525 1023 3607 quaestionem
1047 3526 1263 3606 instituamus,
1287 3546 1389 3609 quare
1412 3525 1589 3589 Munatium

245 3633 400 3702 Flaccum
423 3636 568 3722 singulos
587 3635 797 3722 Ateguenses
820 3635 1018 3727 Caesaris
1041 3635 1328 3704 studiosiores
1350 3641 1537 3704 sensisse
1559 3647 1589 3704 et

246 3756 338 3816 tanta
359 3770 466 3835 poena
488 3749 641 3814 affecisse
664 3747 846 3815 credamus.
1437 3731 1441 3744 ’

348 3921 488 4007 Eruptio
519 3924 560 3988 ob
591 3922 763 4009 oppidanis
791 3923 897 4006 facta,
931 3932 968 3989 ut
1000 3944 1101 4009 supra
1133 3927 1473 4008 commemoravimus,
1506 3927 1586 3993 male

246 4038 416 4104 successit.
461 4036 542 4102 Inde
573 4036 615 4101 ab
645 4059 685 4102 eo
715 4046 863 4122 tempore
880 4026 975 4123 ¹spes
1007 4036 1122 4102 salutis
1155 4039 1220 4101 iarn
1254 4039 1300 4102 ita
1332 4040 1455 4102 minuta
1489 4038 1587 4104 fuisse

246 4149 386 4230 videtur,
409 4158 446 4215 ut
469 4153 567 4216 etiam
590 4149 632 4216 de
654 4150 744 4216 urbis
767 4149 933 4218 deditione
957 4171 1030 4216 cum
1052 4149 1195 4216 Caesare
1208 4159 1370 4236 ageretur.
1393 4151 1477 4216 Nam
1490 4152 1587 4216 Pom-

246 4265 382 4349 peianos
404 4263 446 4328 ab
469 4264 526 4328 iiio
549 4271 747 4349 potestatem
770 4284 842 4330 cum
865 4265 962 4330 armis
985 4262 1213 4349 proficiscendi
1235 4266 1373 4350 petisse,
1396 4264 1456 4330 sad
1478 4265 1586 4349 repul·
1666 4289 1671 4302 ⁴

247 4399 316 4442 earn
339 4377 453 4443 tulisse
478 4386 616 4464 apparet
639 4398 682 4443 ex
706 4376 950 4442 tertiodecimo
972 4378 1090 4462 capite,
1114 4380 1263 4462 quamvis
1279 4377 1410 4442 mutilo:
1433 4380 1585 4460 ,missos

247 4490 390 4557 facere
412 4491 637 4575 loricatos,
667 4492 736 4574 qui
758 4490 966 4577 praesidii
988 4513 1114 4556 causa
1135 4494 1377 4577 praepositi
1399 4491 1585 4577 oppidoa

247 4604 450 4689 Pompeio
481 4613 642 4683 assent,
673 4603 862 4669 orabant.
908 4603 1069 4683 Quibus
1091 4604 1318 4690 respoudit
1340 4604 1512 4669 Caesar:
1546 4626 1583 4670 se

248 4715 528 4782 condiciones
568 4716 683 4796 dare,
727 4738 805 4781 non
845 4718 1040 4802 accipere
1073 4717 1375 4782 consuevisset
1420 4716 1479 4780 cfr.
1512 4713 1580 4780 ibid.
