3446 5384
797 465 836 528 19

143 700 243 777 tiare,
266 699 414 762 nuntium
436 697 577 777 afferre‘,
605 699 634 762 si
655 697 763 783 agitur
786 695 827 762 de
850 696 940 777 loco,
969 717 1100 784 semper
1130 659 1408 785 praepositionem
1435 701 1487 779 ,in‘

143 833 215 876 cum
238 812 427 877 accusativo
450 811 602 896 coniungi
625 817 659 876 et
691 811 834 876 auctoris
863 813 968 877 nostri
994 813 1161 898 proprium
1192 832 1283 891 esse,
1313 815 1487 898 praeposi-

140 927 238 990 tionis
262 946 335 988 cum
358 925 546 990 accusativo
569 921 741 1009 copulatae
763 921 836 988 loco
848 943 1078 1008 nonnunquam
1097 923 1242 990 dativum
1253 945 1387 1010 ponere,
1409 925 1487 988 mihi

137 1059 334 1123 persuasum
365 1045 417 1102 est
445 1036 494 1102 his
528 1035 656 1102 duobus
680 1034 760 1100 loeis
784 1035 1036 1122 haudquaquam
1058 1041 1336 1125 praepositionem
1360 1037 1487 1104 adden-

137 1149 224 1230 dam,
248 1150 309 1216 sed
331 1151 569 1216 substantivum
593 1151 730 1231 ,eastris‘
762 1148 907 1214 dativum
940 1171 1014 1216 esse
1036 1147 1324 1236 interpretandum.
1368 1149 1487 1232 Neque

136 1263 242 1347 magis
264 1265 435 1328 consentio
458 1283 530 1327 cum
552 1261 772 1348 Nipperdeio,
804 1265 860 1346 qui
882 1264 1041 1330 hocloco
1064 1271 1140 1329 ante
1163 1263 1266 1329 verba
1288 1283 1358 1343 ,suo
1382 1265 1486 1348 signo‘
1603 1300 1608 1312 .

137 1377 415 1460 praepositionem
444 1380 509 1455 ,ex‘
537 1375 661 1441 deesse‘
682 1373 799 1462 (praef.
822 1397 855 1461 p.
879 1377 936 1459 26)
963 1375 1058 1456 dicit,
1091 1375 1150 1442 sed
1182 1397 1254 1441 eum
1284 1374 1486 1454 Fleischero‚

139 1488 287 1570 (observ.
311 1492 381 1558 crit.
404 1511 435 1571 p.
461 1491 516 1572 16)
540 1487 621 1552 illud
650 1508 714 1552 non
737 1507 795 1570 pro
824 1487 980 1568 ablativo,
1002 1487 1063 1554 sed
1084 1507 1144 1573 pro
1168 1487 1279 1553 dativo
1302 1487 1487 1552 habendum

142 1621 217 1667 esse
240 1603 413 1688 existimo„
446 1601 532 1667 Nam
553 1601 639 1667 haud
659 1621 743 1680 raro,
766 1603 812 1665 ait
834 1601 1015 1682 fleischer,
1039 1601 1199 1687 pereundi
1220 1602 1356 1667 verbum
1368 1601 1488 1688 legitur

113 1729 115 1737 ·
142 1716 346 1779 coniunctum
377 1713 465 1800 apud
495 1716 673 1799 scriptores
702 1711 821 1780 latinos
844 1735 917 1779 cum
940 1713 1053 1780 dativo
1076 1735 1239 1801 personae
1262 1715 1317 1780 vel
1339 1716 1404 1794 rei,
1435 1716 1486 1806 cui

139 1826 264 1910 aliquid
285 1830 381 1912 perit.
426 1827 549 1895 Confer
572 1827 639 1894 Cio.
669 1825 739 1890 Au.
763 1825 834 1906 Il,1r
867 1847 918 1906 ,ne
949 1847 1051 1912 opera
1081 1834 1115 1891 et
1150 1825 1257 1891 oleum
1287 1825 1487 1912 philologiae

138 1947 271 2005 nostrae
292 1941 447 2032 perierit‘.
481 1939 611 2020 Cetera,
635 1961 720 2024 quae
742 1939 880 2024 protulit
902 1939 1073 2006 fleischer
1097 1939 1260 2025 exempla,
1283 1947 1399 2026 utpote
1422 1961 1485 2004 non

136 2061 291 2118 accurate
314 2052 468 2136 indicata,
491 2040 678 2120 omittenda'
692 2055 815 2118 censui.

241 2201 388 2268 Maxime
428 2205 542 2268 mirum
586 2213 658 2286 est,
701 2202 865 2268 adiectivo
908 2205 1026 2282 ,notus‘
1067 2202 1337 2286 significationem
1384 2199 1486 2265 aeti·
1549 2185 1552 2188 ¹

136 2336 220 2379 vam
254 2316 458 2400 suppositam
493 2323 526 2380 et
558 2294 772 2401 genitivum
805 2314 952 2380 additum
987 2333 1061 2379 esse
1094 2315 1148 2396 (ε.-
1167 2313 1340 2399 peritus.)
1384 2311 1486 2398 Legi-

136 2449 209 2492 mus
232 2429 318 2492 enim
340 2447 412 2512 cap.
430 2427 475 2508 3,s
499 2427 629 2511 ,quibus
642 2428 804 2514 praefecit
826 2427 990 2494 hominem
1013 2428 1085 2492 eius
1106 2428 1296 2512 provinciae
1318 2433 1430 2505 notum
1454 2432 1488 2490 et

137 2563 202 2605 non
238 2560 353 2626 parum
391 2541 549 2606 scientem
581 2541 618 2605 L.
652 2541 778 2606 Iunium
810 2540 1026 2606 Paciaecum‘.
1081 2539 1176 2604 Hane
1217 2539 1485 2625 significationem

136 2673 302 2736 nunquam
324 2655 386 2718 nisi
408 2653 494 2739 apud
513 2657 629 2740 politas
644 2656 770 2719 inveni:
794 2652 917 2720 Confer
931 2652 1072 2718 Phaedr.
1096 2651 1176 2735 I,1i,a
1200 2649 1351 2734 ,Virtutis
1364 2671 1485 2735 expers

135 2766 246 2832 verbis
269 2767 392 2832 iactans
415 2766 552 2853 gloriam
574 2805 615 2814 -
638 2770 774 2854 ignotos
797 2766 894 2850 fallit,
916 2771 1003 2832 notis
1027 2773 1078 2832 est
1103 2764 1245 2841 derisui‘3
1269 2773 1303 2830 at
1321 2765 1485 2849 genitivus

137 2899 303 2962 nunquam
338 2889 388 2945 est
416 2879 559 2945 additus.
609 2879 646 2944 ln
677 2883 785 2966 eapite
815 2881 894 2958 3l,1o
927 2879 1127 2965 singulare
1165 2877 1271 2943 mille
1306 2879 1484 2962 genitivum

136 2994 238 3077 regit:
275 2992 398 3074 ,Nostri
428 2992 606 3058 desiderati
636 2992 678 3058 ad
707 2994 871 3059 hominum
901 2990 1004 3068 mille,
1024 2991 1155 3075 partim
1191 2987 1338 3074 peditum
1367 2989 1485 3073 purtim

136 3105 304 3189 equitum‘.
350 3104 504 3172 Ceterum
527 3108 559 3171 in
581 3106 668 3172 huno
690 3109 908 3190 antiquarium
930 3124 1024 3170 usum
1036 3101 1064 3188 1)
1088 3103 1185 3167 etiam
1209 3098 1297 3186 apud
1310 3098 1484 3165 Caesarem

134 3217 307 3283 incidimus
321 3218 395 3304 (cfr.
408 3217 484 3287 hell.
497 3219 575 3306 gall.
590 3219 667 3300 l,25,5
692 3219 792 3304 ,quod
814 3239 908 3284 mons
920 3218 1054 3284 suberat
1066 3217 1194 3280 circiter
1204 3212 1293 3278 mille
1311 3217 1485 3299 passuum‘.

135 3329 212 3394 bell.
242 3332 303 3398 civ.
336 3329 452 3413 IIl,sr,r
480 3339 529 3412 ,ut
559 3334 703 3416 equitum
733 3331 822 3397 mille
851 3368 892 3379 -
923 3332 1084 3396 sustinere
1113 3325 1293 3392 auderent‘.
1338 3325 1389 3390 De
1424 3324 1486 3390 hac

136 3464 170 3508 ro
201 3445 301 3508 velim
330 3465 499 3537 compares
529 3444 712 3524 Kuehnast,
742 3445 815 3508 Liv.
839 3441 871 3509 S.
895 3463 927 3528 p.
951 3443 1003 3509 80.
1047 3439 1084 3505 In
1114 3441 1223 3524 eapite
1254 3439 1294 3516 ea
1327 3441 1484 3523 scriptum

135 3554 291 3641 legimus:
315 3559 428 3643 ,copiis
451 3553 581 3623 flumine
604 3557 761 3622 traductis
784 3565 879 3621 noctu
900 3554 993 3620 iubet
1014 3555 1106 3640 ignes
1129 3547 1201 3618 fieri
1216 3571 1362 3636 magnos.
1393 3548 1484 3615 Con-

134 3668 186 3732 fer
199 3667 332 3734 Caeser.
344 3669 420 3738 bell.
433 3669 510 3756 gall.
523 3669 668 3752 VIII,sr,s
682 3672 754 3754 ,nisi
764 3671 895 3734 flumine
910 3666 1063 3753 Ligeri..
1077 3718 1085 3732 .
1099 3717 1106 3733 .
1130 3667 1242 3750 copias
1259 3662 1482 3728 traduxisset‘.

135 3780 210 3846 bell.
234 3783 295 3849 civ.
319 3781 431 3864 llI,ar,1
464 3786 657 3876 ,exercitum
687 3783 773 3849 vado
804 3781 972 3848 traduxit‘.
1017 3779 1171 3863 Denique
1205 3776 1368 3842 ablativus
1399 3796 1483 3859 qua·
1530 3865 1540 3874 .

135 3895 236 3958 litatis
258 3897 374 3960 mirum
395 3898 429 3960 in
450 3895 583 3961 modum
604 3899 732 3983 positus
748 3916 823 3963 esse
836 3894 969 3961 videtur
980 3893 1071 3959 hisce
1085 3893 1183 3957 locis:
1207 3889 1250 3973 3,s
1275 3888 1482 3971 ,Caesar....

134 4010 286 4075 celeriter
316 4029 376 4074 sex
407 4010 550 4074 cohortis
584 4007 728 4076 secunda
757 4006 871 4095 vigilia
908 4007 999 4072 iubet
1030 4004 1211 4091 proficisci,
1246 4004 1318 4089 pari
1354 4001 1483 4084 equites

132 4140 292 4186 numero.
336 4121 405 4204 30,4
434 4120 648 4206 ,efficiebant,
678 4129 714 4185 ut
736 4141 858 4207 magno
886 4127 996 4184 tamen
1026 4115 1174 4203 periculo
1196 4133 1350 4180 accessus
1373 4132 1483 4178 eorum

132 4234 332 4300 haberetur‘.

237 4380 401 4448 Libellum
424 4381 466 4447 de
488 4380 576 4446 bello
598 4381 809 4468 Hispaniensi
828 4389 983 4448 accurate
1001 4378 1227 4465 perlegentem
1249 4376 1395 4460 effugere
1418 4395 1482 4439 non

133 4503 260 4582 potest,
293 4505 459 4580 auctorem
489 4496 587 4560 etiam
616 4496 651 4559 in
679 4486 1003 4580 praepositonum
1038 4514 1100 4558 usu
1136 4491 1298 4556 interdum
1335 4509 1356 4553 a
1383 4489 1481 4552 solito

138 4673 242 4682 ι*-

238 4768 260 4836 ¹)
279 4769 327 4821 cfr.
345 4765 471 4835 Gadium,
489 4768 510 4819 1.
530 4768 571 4836 16,
592 4773 617 4821 7.
