3446 5384
736 391 779 463 49

65 651 222 698 causam
233 634 419 702 simulasset
430 631 553 721 (aliqua
565 637 596 701 ei
609 633 812 702 inferebatur
823 631 947 716 causa).
970 629 1086 716 Itaque
1099 632 1291 718 scripturam
1305 627 1357 716 ‚ds
1370 629 1429 700 On.

68 746 249 830 Pompeio
270 748 415 810 moritus‘
439 767 514 813 osse
535 746 709 812 tenendam
732 756 767 812 et
788 745 980 810 calumniam
999 748 1142 810 auctoris
1153 747 1431 831 interpretandam

71 856 240 942 equidem
262 857 413 925 arbitror.
436 896 478 906 -
501 857 610 924 Etiam
631 859 734 924 verba
763 857 983 940 ,latronum
1012 856 1210 943 largitio‘,
1243 861 1305 924 etsi
1327 861 1431 925 Pom-

69 973 181 1054 peius
204 974 330 1037 animos
352 973 488 1037 militum
511 972 717 1038 omnimodo
740 972 803 1037 sibi
818 969 993 1036 conciliare
1015 968 1151 1049 studuit,
1168 973 1288 1035 iustum
1299 971 1429 1037 modum

68 1084 262 1151 excedunt.
306 1085 371 1152 Dio
394 1085 529 1152 Cassius
561 1086 640 1150 mihi
669 1105 782 1151 verum
805 1083 936 1150 tradere
958 1081 1105 1148 videtur:
1136 1082 1294 1165 XLlll,ao
1324 1081 1431 1168 ,οὐδὲν

67 1193 96 1270 ὅ
119 1219 157 1288 τι
179 1188 255 1279 crixi
276 1197 334 1264 καί
356 1187 442 1284 λόγῳ
464 1197 521 1264 καί
543 1192 624 1286 ἔργῳ
646 1201 714 1273 τοῖς
734 1197 860 1270 λοιποῖς
880 1191 1059 1286 ἐχαρίζετο.
1096 1185 1320 1262 abscissoris
1342 1193 1430 1279 crisci

69 1311 141 1378 καί
166 1307 224 1379 διαί
244 1310 340 1380 τοῦτο
360 1307 445 1379 πολι)
466 1302 717 1400 προθυμότεροι
739 1306 959 1398 spironensi
980 1309 1047 1375 τοῖν
1067 1304 1223 1378 ἐναντίων
1238 1306 1352 1390 συχνοί
1374 1308 1431 1374 καί

73 1413 229 1508 μάλισθ’
240 1413 317 1489 ὅσοι
339 1416 397 1490 οὖν
417 1423 467 1510 τῷ
492 1420 654 1514 Ἀφρανίῳ
676 1422 756 1491 ποτὲ
776 1401 1000 1512 ἐστράτευνοο,
1021 1413 1288 1510 προσεχώρησαν.
1311 1420 1366 1488 Ex
1380 1423 1430 1487 his

78 1538 183 1623 primi
212 1538 328 1622 capitis
357 1537 439 1603 locis
458 1540 623 1625 cognosci
658 1545 771 1623 potest
800 1539 994 1623 scriptorem
1024 1545 1171 1629 nostrum
1200 1557 1281 1601 vora
1310 1539 1428 1621 partim

82 1650 308 1732 concessisse,
338 1652 457 1735 partim
486 1649 654 1718 calumniis
687 1660 722 1718 et
753 1650 1030 1717 criminationibus
1057 1654 1105 1715 ita
1132 1649 1362 1731 adumbrasse,
1395 1658 1432 1714 ut
1500 1665 1503 1704 t

83 1762 185 1828 facile
207 1760 249 1828 de
270 1763 429 1850 Pompeio
452 1765 571 1830 inicum
592 1763 746 1830 iudicium
769 1765 937 1832 faciamus.

187 1983 243 2050 Ex
272 1984 418 2052 secundo
444 1988 554 2081 capite
575 1989 791 2074 comperimus
819 1986 995 2054 Caesarem
1018 1991 1158 2053 omnium
1188 1997 1223 2054 et
1254 1991 1430 2055 amicorum

80 2107 121 2163 et
143 2098 406 2165 adversariorum
429 2103 678 2186 exspectatione
708 2100 847 2167 celerius
868 2102 1042 2169 advenisse
1064 2104 1098 2166 in
1120 2101 1330 2187 Hispaniam,
1343 2104 1378 2194 ¹),
1400 2114 1435 2168 ut

80 2215 275 2296 equitatum,
299 2233 397 2298 quom
413 2212 453 2293 Q.
466 2212 572 2279 Pedio
596 2223 630 2280 et
652 2214 693 2295 Q.
717 2214 821 2279 Fabio
837 2213 984 2279 Maximo
1007 2214 1126 2301 legatis
1149 2218 1217 2280 suis
1240 2215 1434 2301 imperabat,

83 2325 153 2388 sibi
180 2345 243 2389 non
270 2325 435 2412 praesidio
465 2327 611 2393 haberat.
657 2325 741 2392 Inde
770 2323 859 2411 quod
883 2325 1058 2391 Caesarem
1088 2327 1219 2414 longam
1250 2330 1337 2392 viam
1369 2336 1435 2393 tam

87 2435 227 2501 mirabili
245 2438 410 2506 celeritate
429 2460 581 2506 emensus
600 2448 653 2507 est
674 2449 708 2507 et
724 2442 852 2525 equites
871 2442 903 2504 in
916 2438 1077 2526 Hispania
1094 2443 1297 2526 conscriptos
1314 2442 1435 2524 (,equi-

93 2555 190 2630 tatus,
212 2552 266 2634 qui
283 2572 326 2616 ex
342 2555 511 2638 provincia
524 2554 667 2638 fuisset‘)
689 2553 751 2620 sibi
773 2552 938 2639 praesidio
963 2572 1035 2616 esso
1058 2551 1172 2632 voluit,
1195 2559 1286 2618 certo
1298 2560 1437 2637 apparet

92 2683 167 2726 eum
186 2684 249 2728 nou
270 2667 398 2751 magnis
420 2669 524 2753 copiis
547 2669 736 2732 comitatum
757 2668 792 2730 in
813 2667 1013 2751 provinciam
1037 2685 1111 2731 esso
1127 2665 1322 2751 profectum.
1353 2664 1435 2732 Cum

89 2784 197 2841 autem
219 2775 410 2843 Caesariani
437 2781 470 2844 in
491 2779 653 2866 Hispania
681 2779 934 2863 haudquaquam
961 2777 1158 2842 adversariis
1181 2797 1336 2863 separes
1359 2798 1436 2840 sen-

93 2889 210 2952 sissent
232 2896 265 2954 at
287 2889 414 2955 auxilia
435 2891 560 2957 crebris
582 2895 704 2957 nuntiis
726 2892 789 2958 sibi
811 2891 1035 2978 postulassent
1057 2891 1144 2976 (cap.
1169 2891 1187 2954 1
1211 2889 1325 2974 extu),
1346 2889 1435 2953 illum

93 3021 140 3063 ex
162 2999 254 3068 ltalia
285 3006 397 3090 copias
426 3003 574 3070 subsidio
602 3005 781 3072 adduxisse
792 3004 817 3092 ²)
847 3005 1056 3070 manifestum
1088 3011 1148 3070 est.
1194 3002 1310 3086 ltaque
1339 3001 1437 3087 plane

89 3135 145 3179 me
166 3120 420 3184 consentientem
442 3118 622 3184 habetDio
635 3117 782 3205 Cassius,
803 3117 1027 3204 quiXLIIIps
1050 3119 1132 3182 baec
1154 3119 1278 3201 scripta
1292 3114 1438 3198 reliquit:

92 3219 141 3307 ,ιὸ
164 3228 269 3298 πλεῖον
291 3219 476 3322 στράτευμα
497 3226 581 3300 κατὰ
603 3225 661 3318 τὴν
683 3222 762 3299 totu
783 3222 1020 3299 ὑπελέλειπτο.

194 3453 306 3523 Tertio
337 3465 371 3524 et
400 3467 518 3544 quarto
541 3462 650 3546 capite
673 3461 860 3546 expositum
881 3460 1063 3524 invenimus
1087 3455 1263 3523 Caesarem
1285 3455 1438 3543 precibus

96 3564 272 3653 legatorum
294 3580 488 3655 permotum,
511 3573 607 3639 simul
627 3573 865 3658 inHispaniam
886 3573 1024 3652 venerit,
1046 3569 1153 3652 Uliae,
1177 3569 1267 3654 quod
1282 3568 1438 3653 oppidum

100 3683 127 3746 si
147 3703 241 3746 uuum
264 3682 445 3751 inBaetioa
466 3685 566 3754 fidem
588 3687 724 3753 tenebat
747 3697 781 3752 et
802 3688 867 3752 iam
890 3686 1017 3770 aliquot
1037 3705 1168 3750 menses
1188 3682 1439 3770 oppugnabatur

102 3791 196 3862 aCu.
217 3796 394 3882 Pompeio,
425 3819 487 3864 sex
512 3800 678 3878 cohortes,
707 3803 780 3886 pari
810 3802 940 3884 equites
968 3817 1103 3863 numero
1131 3795 1278 3862 subsidio
1300 3796 1437 3858 misisse.

23 3947 25 3956 ,
101 3904 220 3983 Quibus
239 3909 279 3974 L.
293 3909 391 3978 Junio
409 3911 570 3979 Paciaeco
593 3914 678 3979 dnos
700 3913 887 3998 contigisse,
909 3919 947 3976 ut
967 3918 1165 3994 tempestate
1186 3908 1327 3974 adversa
1348 3915 1439 3971 recta

99 4037 156 4101 per
176 4019 434 4090 adversariorum
456 4026 623 4111 praesidia
646 4007 885 4091 contenderent
913 4036 947 4088 et
972 4025 1006 4088 in
1028 4021 1142 4088 urbem
1164 4023 1259 4107 signo
1282 4018 1359 4085 dato
1382 4039 1438 4082 re-

98 4132 286 4217 ciperentur.
321 4136 449 4224 (Verba
469 4141 614 4205 auctoris
636 4141 747 4226 ipsius,
771 4159 857 4223 quae
879 4144 1032 4202 accurate
1053 4136 1209 4221 inspicias
1231 4132 1341 4213 velim,
1364 4138 1439 4195 sunt
1528 4151 1529 4156 ¹

147 4439 152 4454 ⁸
195 4435 214 4500 ¹)
232 4435 281 4486 cfr.
301 4432 377 4486 Suet.
397 4435 445 4486 vlt.
464 4431 542 4488 Caes.
562 4432 641 4500 aco,
660 4433 886 4500 Dion.Xlulll„,;
906 4431 978 4498 App.
995 4430 1060 4482 bell.
1078 4430 1130 4480 civ.
1140 4428 1222 4494 11‚„,;
1242 4424 1332 4479 Strab.
1342 4425 1439 4492 111„„;

105 4528 164 4585 Oros
178 4535 257 4602 v1„,.
1082 4523 1085 4530 '
1195 4593 1201 4597 -

197 4631 217 4698 ¹)
235 4632 284 4682 cir.
296 4629 369 4696 App.
378 4629 442 4682 bell.
453 4631 505 4680 civ.
515 4627 599 4696 11„„:
614 4625 646 4679 ‘0
663 4623 689 4678 bi
704 4627 800 4700 Καῖσαρ
815 4623 861 4701 sias
876 4621 918 4692 μὲν
929 4619 1087 4696 αόὸῬοίμης
1103 4614 1215 4672 incisori
1226 4615 1439 4693 ιίνοοινήμέραις,

106 4717 223 4798 ispurtrp
241 4735 336 4800 στρατῷ
356 4722 514 4798 μακροτάτην
532 4718 590 4774 ὁδόν
609 4717 734 4775 taeitos.

1241 4817 1257 4862 4
