3446 5384
619 1944 1050 2056 PRAEFATIO.

268 2459 459 2560 Libellus,
496 2468 561 2560 qui
587 2464 807 2541 inscribitur
835 2466 989 2560 ‚bellum
1016 2465 1303 2566 Hispaniense‘,
1338 2468 1510 2563 inprimis

165 2613 312 2690 duobus
336 2615 381 2690 de
403 2623 529 2693 causis
548 2625 695 2695 animos
714 2628 868 2698 nostros
890 2628 992 2698 inse
1015 2628 1203 2698 convertit
1221 2625 1511 2728 cognitioncque

165 2768 303 2868 dignus
326 2778 399 2846 est:
428 2779 466 2846 et
489 2775 590 2871 quod
614 2783 824 2852 orationem
844 2805 866 2854 a
888 2782 1000 2855 solito
1021 2781 1170 2856 dicendi
1191 2803 1331 2878 genere
1352 2780 1511 2850 nimium

166 2934 349 3023 quantum
377 2930 643 3005 abhorrentem
672 2935 829 3010 exbibet
857 2944 895 3010 et
922 2937 1025 3035 quod
1052 2938 1234 3036 plurimas
1260 2957 1334 3033 reS,
1362 2955 1461 3029 quae
1489 2955 1511 3002 a

164 3087 299 3158 ceteris
320 3087 569 3184 scriptoribus
591 3096 658 3163 aut
679 3091 830 3166 diverse
850 3094 1053 3168 traduntur
1066 3099 1133 3167 out
1147 3093 1259 3191 plane
1273 3094 1510 3186 omittuntur,

164 3246 399 3339 conscriptas
433 3250 549 3318 tenet·
604 3247 700 3321 Cum
728 3256 856 3323 eutem
884 3255 1012 3325 nescio
1042 3274 1116 3348 quo
1145 3254 1257 3348 pecto
1285 3247 1332 3320 ad
1358 3253 1511 3343 tempus

163 3421 287 3494 neque
314 3404 398 3473 tote
432 3401 579 3477 dicendi
614 3410 729 3505 ratio,
765 3391 878 3504 quem
906 3411 945 3480 in
974 3432 1017 3481 eo
1047 3407 1255 3481 adhibitam
1281 3409 1511 3500 invenimus,

163 3563 380 3632 accuratius
415 3565 580 3634 tractata
616 3519 700 3661 (cfr.
729 3564 947 3663 Woelfflin,
981 3564 1108 3662 philol.
1139 3562 1320 3636 XXXIV
1354 3587 1389 3658 p.
1420 3558 1510 3656 146)

162 3735 287 3808 neque
315 3715 392 3788 ulla
420 3725 593 3815 quaestio
622 3720 668 3794 de
697 3726 779 3796 eius
807 3727 1034 3796 auctoritate
1054 3725 1231 3794 instituta
1254 3724 1315 3819 sit,
1343 3717 1511 3791 laborem

37 3906 39 3949 1
162 3869 265 3944 haud
291 3875 440 3948 irritum
468 3883 684 3975 suscepisse
706 3879 801 3952 mihi
821 3879 965 3980 videor,
993 3884 1026 3953 si
1047 3883 1211 3977 primurn
1232 3900 1362 3952 ornnes
1382 3875 1512 3949 elocu-
1605 3909 1613 3930 ν

37 4050 40 4063 ’
161 4035 277 4105 tionis
314 4037 568 4130 proprietates
605 4034 741 4133 collegi
776 4035 1032 4133 collectaeque
1066 4041 1195 4108 utrum
1230 4037 1406 4132 scriptori
1440 4031 1512 4104 soli

162 4193 376 4290 peculiares
418 4217 466 4264 an
512 4191 559 4264 ad
602 4193 803 4292 vulgarem
848 4215 1062 4266 sennonem
1106 4189 1329 4264 referendae
1372 4195 1512 4288 essent,

38 4429 41 4453 ‚
163 4354 348 4446 quantum
376 4374 445 4447 pro
475 4373 560 4422 mea
587 4358 695 4447 purte
722 4356 907 4449 poteram,
936 4311 1159 4445 diiudicavi3
1187 4346 1321 4422 deinde
1349 4344 1438 4442 quid
1466 4345 1513 4417 de

162 4503 236 4577 fide
265 4511 348 4579 eius
375 4505 558 4578 historico
585 4510 688 4578 esset
717 4505 973 4602 statuendum,
1001 4500 1266 4576 memorabiles
1291 4501 1397 4575 locos
1425 4524 1512 4598 per-

163 4667 357 4736 scrutatus
392 4665 567 4761 exposui.
622 4659 709 4753 Qua
740 4665 780 4734 io
812 4685 853 4735 re
880 4661 1101 4759 Nipperdeii
1135 4661 1310 4735 editionis
1340 4659 1513 4758 (Lipsiae
