3446 5384
767 365 805 436 51

683 477 889 486 ——m

109 614 229 690 itaque
244 607 388 690 equitum
401 625 579 685 numerum,
592 606 648 689 qui
660 605 771 670 libello
783 613 896 676 nostro
908 604 1079 687 indicatur,
1091 605 1124 670 in
1136 605 1239 674 maius
1251 627 1326 674 esse
1341 603 1462 676 elatum

112 739 249 792 censeo.

205 851 241 932 2)
265 848 378 914 Verba
405 850 544 929 ,binos
575 871 708 934 equos
738 849 1044 915 conscendere‘
1078 848 1158 913 nibil
1190 852 1341 937 profecto
1374 852 1463 917 aliud

113 962 303 1046 significant
325 983 423 1046 quam
444 964 532 1046 quod
552 966 586 1026 in
608 965 715 1048 capite
739 970 856 1047 quarto
879 962 1015 1047 legitur,
1046 962 1175 1047 pedites
1203 966 1237 1027 in
1264 985 1367 1048 equos
1390 986 1464 1031 esse

114 1081 282 1159 receptos,
306 1084 343 1140 ut
364 1075 430 1141 bini
452 1077 590 1163 singulis
612 1080 705 1162 equis
727 1077 935 1142 veherentur.
958 1075 1053 1142 Hanc
1066 1077 1295 1161 proficiscendi
1307 1081 1465 1144 rationem

116 1191 179 1274 aut
199 1205 259 1270 per
280 1185 401 1268 dolum,
423 1198 460 1253 ut
481 1188 662 1254 adversarii
685 1189 898 1274 decipiantur,
920 1196 978 1252 aut
1000 1209 1040 1254 eo
1064 1191 1211 1272 oonsilio,
1233 1200 1270 1255 ut
1290 1194 1354 1256 iter
1375 1192 1466 1256 cele-

116 1298 190 1362 rius
220 1298 292 1363 lieri
321 1302 443 1384 possit,
472 1299 622 1365 adhiberi
650 1301 860 1384 perspicuum
892 1307 950 1364 est.
994 1297 1068 1364 Etsi
1096 1303 1197 1386 igitur
1220 1321 1264 1366 ex
1286 1303 1337 1366 hia
1360 1303 1467 1366 causis

118 1408 247 1493 aliquid
279 1411 384 1476 simile
412 1411 484 1477 fieri
512 1432 613 1497 posse
644 1411 805 1494 concedo,
836 1419 964 1493 tamen,
998 1433 1075 1476 num
1107 1434 1225 1478 revera
1256 1417 1300 1479 sit
1333 1414 1468 1494 factum,

120 1525 266 1588 maxime
289 1523 421 1608 dubito,
443 1527 582 1610 primum
604 1524 693 1609 quod
716 1525 794 1589 milri
815 1545 881 1590 non
903 1526 1080 1592 verisimile
1102 1535 1154 1592 est
1177 1525 1394 1593 Caesarianos
1411 1527 1468 1596 ¹bis

121 1635 197 1701 fere
208 1635 325 1702 eodem
336 1638 558 1724 temporebus
579 1646 652 1704 arte
673 1658 752 1703 usos
775 1659 859 1719 esse,
882 1637 1001 1704 deinde
1024 1639 1120 1723 quod,
1135 1660 1231 1704 nemo
1253 1642 1405 1725 scriptor,
1427 1661 1468 1704 ne

121 1749 190 1814 Dio
214 1746 349 1815 Cassius
371 1751 514 1836 quidem,
538 1752 669 1836 quires
691 1750 779 1837 apud
792 1748 902 1814 Uliam
924 1759 1201 1835 gestasaccurate
1214 1751 1350 1831 rettulit,
1374 1753 1469 1820 lunius

122 1861 206 1925 facti
228 1863 424 1928 mentionem
446 1861 537 1944 feeit,
559 1870 629 1928 tum
651 1860 741 1947 quod
762 1883 828 1927 non
846 1864 1049 1930 memini'me
1065 1864 1469 1950 omninousquamlegere

122 1973 257 2058 pedites
287 1977 380 2058 equis
411 1995 485 2041 esse
513 1983 675 2061 receptos.
721 1973 845 2042 Confer
873 1975 949 2043 bell.
979 1975 1056 2062 gall.
1080 1972 1147 2058 Lo,
1175 1975 1262 2040 unde
1284 1977 1470 2062 expeditos,

123 2110 209 2173 quos
229 2087 382 2154 Germani
405 2088 570 2172 equitibus
592 2088 819 2170 attribuerent,
842 2088 1107 2176 inbislequorum
1131 2089 1319 2156 sublevatos
1342 2107 1470 2156 cursum

124 2202 331 2287 adaequasse
353 2203 581 2286 comperimus.

212 2331 402 2416 3)'Nullam
431 2330 530 2396 iidem
561 2331 683 2397 habere
712 2331 843 2399 videtur
872 2332 1027 2398 custodes
1060 2341 1118 2397 ant
1140 2342 1206 2397 tam
1229 2332 1348 2398 stultos
1371 2341 1471 2415 atqua

126 2445 295 2511 dementes
316 2446 430 2526 fuisse,
453 2452 489 2509 ut
510 2444 590 2509 nihil
610 2445 688 2510 mali
709 2444 929 2531 compluribus
952 2447 1098 2528 equitum
1120 2445 1250 2508 milibus
1272 2446 1472 2508 transeunti-

125 2559 188 2622 bus
211 2561 464 2643 suspiearentur‚
485 2566 544 2623 aut
564 2565 632 2624 tam
654 2557 756 2623 officii
777 2556 1002 2642 neglegentes,
1025 2564 1062 2620 ut
1084 2554 1471 2640 quamquamperioulnm

126 2672 169 2737 ab
191 2670 340 2736 hostibus
361 2671 529 2736 imminere
551 2668 717 2750 videbant,
740 2689 806 2733 non
829 2677 938 2733 tamen
960 2671 1087 2736 muneri
1109 2669 1348 2759 satisfacerent.

230 2811 266 2886 4)
289 2807 395 2872 Valde
416 2809 532 2872 mirum
550 2814 602 2872 est
623 2807 680 2872 illa
700 2810 879 2893 eruptione,
902 2809 934 2870 in
957 2827 1023 2890 qua
1045 2809 1321 2889 ,existimant
1341 2827 1473 2891 prope

130 2941 273 3007 magna
304 2942 402 3006 pars
435 2921 655 3001 homiuum,
690 2924 759 3006 qui
799 2924 841 2985 in
877 2922 942 2986 his
983 2923 1145 2986 castris
1183 2920 1387 3000 fuissent,
1430 2941 1472 2983 se

130 3055 260 3120 prope
289 3043 436 3120 captos
465 3036 588 3116 esse‘,
618 3032 715 3100 Uliae
743 3033 946 3099 obsidionem
978 3055 1042 3098 non
1072 3053 1145 3098 esso
1174 3032 1323 3098 solutam.
1368 3029 1472 3095 Immo

130 3149 262 3212 veroin
286 3155 434 3212 extremo
457 3157 574 3232 quarto
609 3149 717 3232 capite
746 3150 902 3233 scripturn
933 3155 1045 3212 exstat
1075 3146 1133 3212 Cn.
1157 3147 1350 3230 Pompeium
1373 3143 1473 3208 Ulia

129 3279 259 3344 prope
282 3281 328 3325 ca
336 3268 406 3346 pta
428 3260 546 3327 litteris
567 3261 677 3325 fratris
701 3263 844 3326 excitum
867 3260 909 3324 ab
932 3260 994 3323 hac
1016 3259 1096 3324 urbe
1119 3259 1227 3322 abisse
1241 3266 1357 3322 etcum
1370 3260 1473 3341 copiis

132 3371 170 3434 ad
199 3371 385 3438 Cordubam
417 3377 608 3440 accessisse.
665 3371 710 3436 Hi
741 3371 807 3436 duo
840 3372 906 3436 loci
940 3374 1018 3456 quin
1050 3373 1135 3436 inter
1167 3391 1203 3434 se
1238 3367 1473 3454 contradicant,

133 3483 262 3548 dubium
284 3507 349 3551 non
371 3496 431 3554 eet.

232 3623 266 3713 5)
288 3625 417 3692 Nemini
445 3627 544 3692 facile
576 3634 628 3692 est
656 3625 699 3690 ad
729 3622 926 3690 eredendum
955 3622 1075 3686 milites
1097 3622 1141 3688 ad
1164 3620 1350 3687 Cordubam
1374 3642 1473 3706 prae-

134 3741 246 3804 missos
275 3748 402 3805 tantum
430 3739 589 3824 proelium
620 3739 840 3818 commisisse,
874 3745 935 3814 ,ut
970 3757 1020 3800 ex
1053 3735 1232 3800 infinita
1266 3731 1473 3799 hominum

134 3851 403 3918 multitudine
436 3854 563 3938 pauci
596 3854 636 3916 in
669 3848 864 3936 oppidum
893 3870 937 3915 se
967 3849 1243 3934 reciperent‘;
1278 3849 1473 3933 praesertim

136 3989 204 4032 cnm
227 3965 351 4032 Caesar
372 3965 471 4052 paulo
493 3973 571 4052 post
592 3963 785 4030 Corduba
807 3964 972 4028 invicta
994 3961 1194 4029 discesserit.

233 4105 320 4170 Huic
342 4107 517 4171 memoriae
539 4105 649 4170 multis
672 4103 713 4169 de
737 4104 844 4168 causis
873 4105 906 4166 in
928 4103 1145 4186 suspicionem
1169 4109 1307 4165 vocatae
1329 4103 1472 4164 narratio

138 4220 247 4284 Dionis
271 4218 413 4284 Cassii
446 4226 497 4283 est
520 4216 732 4303 opponenda,
764 4213 850 4301 apud
874 4234 971 4299 quern
993 4214 1132 4298 legimus
1155 4212 1330 4295 XLlll,aa,
1366 4202 1474 4278 lt'oid

31 4339 33 4392 ἑ
138 4331 190 4414 μὲν
212 4337 368 4422 (Καῖσαρ)
390 4328 447 4397 καὶ
469 4323 527 4398 ἀπ’
550 4321 648 4396 αὐτοῦ
668 4319 799 4406 τούτου,
819 4328 876 4416 τῆς
897 4349 933 4393 τε
955 4325 1140 4416 παρουσίας
1161 4327 1218 4413 τῆς
1240 4317 1341 4390 αἰτοῦ
1361 4318 1473 4408 μόνης,

140 4439 190 4507 καὶ
218 4440 253 4518 ἐς
280 4436 322 4509 roi
353 4433 685 4529 ὅλλακαταπλὴξειν
711 4442 769 4506 τόν
796 4432 976 4526 Πομπήιον
1005 4437 1062 4503 καὶ
1092 4429 1160 4504 aad
1190 4438 1248 4524 τῆς
1278 4431 1475 4523 πολιορκίας

140 4548 332 4637 ἀπαλλάξειν
347 4547 493 4644 ἤλπισεν·
517 4547 553 4622 ad
567 4547 629 4643 γαρ
643 4551 755 4619 πλεῖον
771 4542 955 4638 στράτευμα
969 4542 1053 4616 κατα
1075 4541 1131 4635 τὴν
1154 4539 1232 4613 ὁδὸν
1248 4537 1473 4612 ὑπελέλειπτο·

140 4666 251 4743 ἐκεῖνος
275 4665 310 4734 δὲ
330 4661 386 4736 ἕνα
415 4693 449 4734 τε
472 4659 575 4755 ἄνδρα
596 4659 666 4742 ἑνὸς
696 4663 733 4732 od
754 4658 1029 4751 notddmtpipata
1051 4661 1211 4744 νομίζων,
1239 4657 1295 4724 καὶ
1324 4659 1363 4744 τῇ
1385 4645 1474 4738 ἰσχύι

1288 4771 1320 4821 4*
