<?xml version="1.0" encoding="UTF-8"?>
<!DOCTYPE html PUBLIC "-//W3C//DTD XHTML 1.0 Transitional//EN"
    "http://www.w3.org/TR/xhtml1/DTD/xhtml1-transitional.dtd">
<html xmlns="http://www.w3.org/1999/xhtml" xml:lang="en" lang="en">
 <head>
  <title>
</title>
<meta http-equiv="Content-Type" content="text/html;charset=utf-8" />
  <meta name='ocr-system' content='tesseract 3.04.00' />
  <meta name='ocr-capabilities' content='ocr_page ocr_carea ocr_par ocr_line ocrx_word'/>
</head>
<body>
  <div class='ocr_page' id='page_1' title='image "./deauctorisbelli00degegoog_0074.png"; bbox 0 0 3446 5384; ppageno 0'>
   <div class='ocr_carea' id='block_1_1' title="bbox 83 403 1484 4789">
    <p class='ocr_par' dir='ltr' id='par_1_1' title="bbox 794 403 835 466">
     <span class='ocr_line' id='line_1_1' title="bbox 794 403 835 466; baseline 0 0"><span class='ocrx_word' id='word_1_1' title='bbox 794 403 835 466; x_wconf 78' lang='grc'><strong>59</strong></span> 
     </span>
    </p>

    <p class='ocr_par' dir='ltr' id='par_1_2' title="bbox 83 635 1484 2077">
     <span class='ocr_line' id='line_1_2' title="bbox 133 635 1483 722; baseline 0.001 -24"><span class='ocrx_word' id='word_1_2' title='bbox 133 673 180 682; x_wconf 84' lang='lat'><strong>--</strong></span> <span class='ocrx_word' id='word_1_3' title='bbox 204 657 308 702; x_wconf 89' lang='lat' dir='ltr'><strong>nune</strong></span> <span class='ocrx_word' id='word_1_4' title='bbox 330 635 603 702; x_wconf 87' lang='lat' dir='ltr'><strong>adversarios</strong></span> <span class='ocrx_word' id='word_1_5' title='bbox 626 636 776 722; x_wconf 89' lang='lat' dir='ltr'><strong>opibus</strong></span> <span class='ocrx_word' id='word_1_6' title='bbox 799 644 955 700; x_wconf 83' lang='lat' dir='ltr'><strong>tanturn</strong></span> <span class='ocrx_word' id='word_1_7' title='bbox 986 636 1295 718; x_wconf 87' lang='lat' dir='ltr'><strong>praevaluisse,</strong></span> <span class='ocrx_word' id='word_1_8' title='bbox 1325 644 1361 700; x_wconf 90' lang='lat' dir='ltr'><strong>ut</strong></span> <span class='ocrx_word' id='word_1_9' title='bbox 1388 657 1483 702; x_wconf 87' lang='lat' dir='ltr'><strong>nemo</strong></span> 
     </span>
     <span class='ocr_line' id='line_1_3' title="bbox 132 749 1484 836; baseline -0.001 -24"><span class='ocrx_word' id='word_1_10' title='bbox 132 770 196 812; x_wconf 91' lang='lat' dir='ltr'><strong>eos</strong></span> <span class='ocrx_word' id='word_1_11' title='bbox 219 749 382 816; x_wconf 89' lang='lat' dir='ltr'><strong>sustinere</strong></span> <span class='ocrx_word' id='word_1_12' title='bbox 404 759 537 836; x_wconf 89' lang='lat' dir='ltr'><strong>posset,</strong></span> <span class='ocrx_word' id='word_1_13' title='bbox 561 751 740 836; x_wconf 87' lang='lat' dir='ltr'><strong>signifieat:</strong></span> <span class='ocrx_word' id='word_1_14' title='bbox 776 750 839 829; x_wconf 84' lang='lat'><strong>13,1</strong></span> <span class='ocrx_word' id='word_1_15' title='bbox 864 758 909 831; x_wconf 90' lang='lat' dir='ltr'><strong>,et</strong></span> <span class='ocrx_word' id='word_1_16' title='bbox 932 771 1003 814; x_wconf 87' lang='lat' dir='ltr'><strong>cum</strong></span> <span class='ocrx_word' id='word_1_17' title='bbox 1027 753 1130 814; x_wconf 80' lang='lat' dir='ltr'>nostri</span> <span class='ocrx_word' id='word_1_18' title='bbox 1153 752 1279 833; x_wconf 81' lang='lat' dir='ltr'><strong>equites</strong></span> <span class='ocrx_word' id='word_1_19' title='bbox 1301 752 1423 834; x_wconf 84' lang='lat' dir='ltr'><strong>pauci</strong></span> <span class='ocrx_word' id='word_1_20' title='bbox 1445 751 1484 811; x_wconf 91' lang='lat' dir='ltr'><strong>in</strong></span> 
     </span>
     <span class='ocr_line' id='line_1_4' title="bbox 131 861 1483 956; baseline 0 -32"><span class='ocrx_word' id='word_1_21' title='bbox 131 863 325 926; x_wconf 86' lang='lat' dir='ltr'><strong>statione</strong></span> <span class='ocrx_word' id='word_1_22' title='bbox 355 863 542 928; x_wconf 80' lang='lat' dir='ltr'><strong>luissent</strong></span> <span class='ocrx_word' id='word_1_23' title='bbox 571 884 591 925; x_wconf 88' lang='lat' dir='ltr'><strong>a</strong></span> <span class='ocrx_word' id='word_1_24' title='bbox 619 861 812 947; x_wconf 90' lang='lat' dir='ltr'><strong>pluribus</strong></span> <span class='ocrx_word' id='word_1_25' title='bbox 836 865 1015 948; x_wconf 90' lang='lat' dir='ltr'><strong>reperti,</strong></span> <span class='ocrx_word' id='word_1_26' title='bbox 1038 862 1079 927; x_wconf 91' lang='lat' dir='ltr'><strong>de</strong></span> <span class='ocrx_word' id='word_1_27' title='bbox 1102 866 1243 928; x_wconf 89' lang='lat' dir='ltr'><strong>statione</strong></span> <span class='ocrx_word' id='word_1_28' title='bbox 1265 871 1341 956; x_wconf 87' lang='lat' dir='ltr'><strong>sunt</strong></span> <span class='ocrx_word' id='word_1_29' title='bbox 1363 861 1483 926; x_wconf 90' lang='lat' dir='ltr'><strong>deiecti</strong></span> 
     </span>
     <span class='ocr_line' id='line_1_5' title="bbox 133 975 1483 1060; baseline -0.001 -22"><span class='ocrx_word' id='word_1_30' title='bbox 133 979 172 1038; x_wconf 88' lang='lat' dir='ltr'><strong>et</strong></span> <span class='ocrx_word' id='word_1_31' title='bbox 195 978 404 1044; x_wconf 87' lang='lat' dir='ltr'><strong>occisitres‘.</strong></span> <span class='ocrx_word' id='word_1_32' title='bbox 451 979 515 1057; x_wconf 61' lang='lat' dir='ltr'><strong>les</strong></span> <span class='ocrx_word' id='word_1_33' title='bbox 547 977 683 1060; x_wconf 88' lang='lat' dir='ltr'><strong>‚aliquot</strong></span> <span class='ocrx_word' id='word_1_34' title='bbox 710 985 836 1042; x_wconf 90' lang='lat' dir='ltr'><strong>turmae</strong></span> <span class='ocrx_word' id='word_1_35' title='bbox 865 998 938 1040; x_wconf 91' lang='lat' dir='ltr'><strong>cnm</strong></span> <span class='ocrx_word' id='word_1_36' title='bbox 968 975 1035 1042; x_wconf 89' lang='lat' dir='ltr'><strong>lavi</strong></span> <span class='ocrx_word' id='word_1_37' title='bbox 1063 984 1227 1040; x_wconf 89' lang='lat' dir='ltr'><strong>armatura</strong></span> <span class='ocrx_word' id='word_1_38' title='bbox 1248 978 1372 1060; x_wconf 88' lang='lat' dir='ltr'><strong>impetu</strong></span> <span class='ocrx_word' id='word_1_39' title='bbox 1393 975 1483 1038; x_wconf 84' lang='lat' dir='ltr'><strong>facto</strong></span> 
     </span>
     <span class='ocr_line' id='line_1_6' title="bbox 131 1074 1483 1176; baseline -0.001 -26"><span class='ocrx_word' id='word_1_40' title='bbox 131 1087 211 1152; x_wconf 87' lang='lat' dir='ltr'><strong>loco</strong></span> <span class='ocrx_word' id='word_1_41' title='bbox 234 1096 310 1151; x_wconf 87' lang='lat' dir='ltr'><strong>sunt</strong></span> <span class='ocrx_word' id='word_1_42' title='bbox 333 1089 453 1155; x_wconf 90' lang='lat' dir='ltr'><strong>deiecti</strong></span> <span class='ocrx_word' id='word_1_43' title='bbox 482 1098 516 1154; x_wconf 92' lang='lat' dir='ltr'><strong>et</strong></span> <span class='ocrx_word' id='word_1_44' title='bbox 544 1098 720 1176; x_wconf 91' lang='lat' dir='ltr'><strong>propter</strong></span> <span class='ocrx_word' id='word_1_45' title='bbox 747 1074 1003 1176; x_wconf 69' lang='lat' dir='ltr'><strong>paucitatem</strong></span> <span class='ocrx_word' id='word_1_46' title='bbox 1032 1099 1269 1155; x_wconf 89' lang='lat' dir='ltr'><strong>nostrorum</strong></span> <span class='ocrx_word' id='word_1_47' title='bbox 1300 1089 1483 1173; x_wconf 89' lang='lat' dir='ltr'><strong>equitum</strong></span> 
     </span>
     <span class='ocr_line' id='line_1_7' title="bbox 131 1199 1483 1287; baseline 0 -23"><span class='ocrx_word' id='word_1_48' title='bbox 131 1200 233 1264; x_wconf 89' lang='lat' dir='ltr'><strong>simul</strong></span> <span class='ocrx_word' id='word_1_49' title='bbox 262 1221 333 1264; x_wconf 87' lang='lat' dir='ltr'><strong>cunr</strong></span> <span class='ocrx_word' id='word_1_50' title='bbox 363 1201 428 1267; x_wconf 90' lang='lat' dir='ltr'><strong>levi</strong></span> <span class='ocrx_word' id='word_1_51' title='bbox 457 1210 623 1266; x_wconf 87' lang='lat' dir='ltr'><strong>armatura</strong></span> <span class='ocrx_word' id='word_1_52' title='bbox 644 1204 729 1266; x_wconf 92' lang='lat' dir='ltr'><strong>inter</strong></span> <span class='ocrx_word' id='word_1_53' title='bbox 752 1212 874 1267; x_wconf 88' lang='lat' dir='ltr'><strong>turmas</strong></span> <span class='ocrx_word' id='word_1_54' title='bbox 897 1201 1158 1268; x_wconf 86' lang='lat' dir='ltr'><strong>adversariorum</strong></span> <span class='ocrx_word' id='word_1_55' title='bbox 1180 1204 1330 1287; x_wconf 83' lang='lat' dir='ltr'><strong>protriti‘.</strong></span> <span class='ocrx_word' id='word_1_56' title='bbox 1374 1199 1483 1264; x_wconf 80' lang='lat' dir='ltr'><strong>Etiam</strong></span> 
     </span>
     <span class='ocr_line' id='line_1_8' title="bbox 133 1313 1483 1409; baseline 0 -32"><span class='ocrx_word' id='word_1_57' title='bbox 133 1314 287 1392; x_wconf 90' lang='lat' dir='ltr'><strong>Didium,</strong></span> <span class='ocrx_word' id='word_1_58' title='bbox 320 1317 377 1399; x_wconf 92' lang='lat' dir='ltr'><strong>qui</strong></span> <span class='ocrx_word' id='word_1_59' title='bbox 409 1335 429 1380; x_wconf 91' lang='lat' dir='ltr'><strong>a</strong></span> <span class='ocrx_word' id='word_1_60' title='bbox 456 1315 624 1380; x_wconf 88' lang='lat' dir='ltr'><strong>Lusitanis</strong></span> <span class='ocrx_word' id='word_1_61' title='bbox 655 1317 895 1381; x_wconf 88' lang='lat' dir='ltr'><strong>circumventus</strong></span> <span class='ocrx_word' id='word_1_62' title='bbox 923 1325 958 1380; x_wconf 92' lang='lat' dir='ltr'><strong>et</strong></span> <span class='ocrx_word' id='word_1_63' title='bbox 986 1337 1164 1401; x_wconf 87' lang='lat' dir='ltr'><strong>oppressus</strong></span> <span class='ocrx_word' id='word_1_64' title='bbox 1195 1323 1261 1398; x_wconf 77' lang='lat' dir='ltr'><strong>cst,</strong></span> <span class='ocrx_word' id='word_1_65' title='bbox 1298 1313 1483 1409; x_wconf 79' lang='lat' dir='ltr'><strong>honorificis</strong></span> 
     </span>
     <span class='ocr_line' id='line_1_9' title="bbox 132 1425 1483 1512; baseline -0.001 -23"><span class='ocrx_word' id='word_1_66' title='bbox 132 1427 246 1495; x_wconf 85' lang='lat' dir='ltr'><strong>verbis</strong></span> <span class='ocrx_word' id='word_1_67' title='bbox 268 1426 491 1512; x_wconf 89' lang='lat' dir='ltr'><strong>praedicatum</strong></span> <span class='ocrx_word' id='word_1_68' title='bbox 515 1435 616 1510; x_wconf 91' lang='lat' dir='ltr'><strong>atque</strong></span> <span class='ocrx_word' id='word_1_69' title='bbox 638 1427 790 1492; x_wconf 82' lang='lat' dir='ltr'><strong>laudibus</strong></span> <span class='ocrx_word' id='word_1_70' title='bbox 814 1429 934 1494; x_wconf 89' lang='lat' dir='ltr'><strong>elatum</strong></span> <span class='ocrx_word' id='word_1_71' title='bbox 957 1428 1155 1506; x_wconf 89' lang='lat' dir='ltr'><strong>invenimus;</strong></span> <span class='ocrx_word' id='word_1_72' title='bbox 1178 1449 1252 1492; x_wconf 87' lang='lat' dir='ltr'><strong>nam</strong></span> <span class='ocrx_word' id='word_1_73' title='bbox 1274 1427 1426 1510; x_wconf 88' lang='lat' dir='ltr'><strong>incapite</strong></span> <span class='ocrx_word' id='word_1_74' title='bbox 1440 1425 1483 1488; x_wconf 88' lang='grc'><strong>40</strong></span> 
     </span>
     <span class='ocr_line' id='line_1_10' title="bbox 132 1535 1482 1625; baseline -0.001 -24"><span class='ocrx_word' id='word_1_75' title='bbox 132 1539 461 1625; x_wconf 85' lang='lat' dir='ltr'><strong>scriptumlegimus:</strong></span> <span class='ocrx_word' id='word_1_76' title='bbox 485 1539 591 1604; x_wconf 90' lang='lat' dir='ltr'><strong>Huic</strong></span> <span class='ocrx_word' id='word_1_77' title='bbox 614 1540 786 1624; x_wconf 90' lang='lat' dir='ltr'><strong>(Didio)</strong></span> <span class='ocrx_word' id='word_1_78' title='bbox 810 1543 893 1606; x_wconf 88' lang='lat' dir='ltr'><strong>etsi</strong></span> <span class='ocrx_word' id='word_1_79' title='bbox 914 1563 992 1606; x_wconf 92' lang='lat' dir='ltr'><strong>uon</strong></span> <span class='ocrx_word' id='word_1_80' title='bbox 1015 1540 1163 1604; x_wconf 88' lang='lat' dir='ltr'><strong>aberat</strong></span> <span class='ocrx_word' id='word_1_81' title='bbox 1185 1539 1412 1624; x_wconf 81' lang='lat' dir='ltr'><strong>diligentia</strong></span> <span class='ocrx_word' id='word_1_82' title='bbox 1433 1535 1482 1600; x_wconf 90' lang='lat' dir='ltr'><strong>ad</strong></span> 
     </span>
     <span class='ocr_line' id='line_1_11' title="bbox 83 1649 1483 1738; baseline -0.001 -27"><span class='ocrx_word' id='word_1_83' title='bbox 83 1705 86 1710; x_wconf 93' lang='lat'>.</span> <span class='ocrx_word' id='word_1_84' title='bbox 134 1671 264 1717; x_wconf 88' lang='lat' dir='ltr'><strong>naves</strong></span> <span class='ocrx_word' id='word_1_85' title='bbox 286 1653 478 1729; x_wconf 85' lang='lat' dir='ltr'><strong>tuendas,</strong></span> <span class='ocrx_word' id='word_1_86' title='bbox 501 1660 637 1718; x_wconf 86' lang='lat' dir='ltr'><strong>tamen</strong></span> <span class='ocrx_word' id='word_1_87' title='bbox 659 1675 949 1738; x_wconf 90' lang='lat' dir='ltr'><strong>nonnunquam</strong></span> <span class='ocrx_word' id='word_1_88' title='bbox 972 1676 1020 1718; x_wconf 87' lang='lat' dir='ltr'><strong>ex</strong></span> <span class='ocrx_word' id='word_1_89' title='bbox 1039 1649 1483 1726; x_wconf 82' lang='lat' dir='ltr'><strong>castello&#39;...eliciebatnr</strong></span> 
     </span>
     <span class='ocr_line' id='line_1_12' title="bbox 232 1764 1482 1852; baseline -0.004 -22.36"><span class='ocrx_word' id='word_1_90' title='bbox 232 1765 379 1832; x_wconf 86' lang='lat' dir='ltr'><strong>Didius</strong></span> <span class='ocrx_word' id='word_1_91' title='bbox 401 1787 544 1852; x_wconf 88' lang='lat' dir='ltr'><strong>magna</strong></span> <span class='ocrx_word' id='word_1_92' title='bbox 566 1787 652 1832; x_wconf 89' lang='lat' dir='ltr'><strong>cum</strong></span> <span class='ocrx_word' id='word_1_93' title='bbox 675 1769 836 1832; x_wconf 87' lang='lat' dir='ltr'><strong>virtute</strong></span> <span class='ocrx_word' id='word_1_94' title='bbox 860 1788 946 1830; x_wconf 87' lang='lat' dir='ltr'><strong>cum</strong></span> <span class='ocrx_word' id='word_1_95' title='bbox 970 1764 1482 1850; x_wconf 66' lang='lat' dir='ltr'><strong>conrpluribusinherlici-</strong></span> 
     </span>
     <span class='ocr_line' id='line_1_13' title="bbox 134 1874 1482 1965; baseline -0.001 -23"><span class='ocrx_word' id='word_1_96' title='bbox 134 1888 211 1942; x_wconf 89' lang='lat' dir='ltr'><strong>tur.</strong></span> <span class='ocrx_word' id='word_1_97' title='bbox 248 1915 286 1925; x_wconf 85' lang='lat'><em>-</em></span> <span class='ocrx_word' id='word_1_98' title='bbox 322 1875 396 1942; x_wconf 88' lang='lat' dir='ltr'><strong>Hac</strong></span> <span class='ocrx_word' id='word_1_99' title='bbox 428 1880 672 1964; x_wconf 87' lang='lat' dir='ltr'><strong>comparatione</strong></span> <span class='ocrx_word' id='word_1_100' title='bbox 707 1887 799 1946; x_wconf 88' lang='lat' dir='ltr'><strong>certo</strong></span> <span class='ocrx_word' id='word_1_101' title='bbox 833 1887 971 1965; x_wconf 86' lang='lat' dir='ltr'><strong>apparet</strong></span> <span class='ocrx_word' id='word_1_102' title='bbox 1004 1881 1196 1964; x_wconf 81' lang='lat' dir='ltr'><strong>scriptorem</strong></span> <span class='ocrx_word' id='word_1_103' title='bbox 1240 1879 1271 1939; x_wconf 92' lang='lat' dir='ltr'><strong>in</strong></span> <span class='ocrx_word' id='word_1_104' title='bbox 1313 1874 1482 1941; x_wconf 84' lang='lat' dir='ltr'><strong>narrandis</strong></span> 
     </span>
     <span class='ocr_line' id='line_1_14' title="bbox 133 1991 1078 2077; baseline 0.004 -22"><span class='ocrx_word' id='word_1_105' title='bbox 133 1992 234 2056; x_wconf 91' lang='lat' dir='ltr'><strong>rebus</strong></span> <span class='ocrx_word' id='word_1_106' title='bbox 257 2011 414 2056; x_wconf 90' lang='lat' dir='ltr'><strong>summam</strong></span> <span class='ocrx_word' id='word_1_107' title='bbox 436 1994 656 2076; x_wconf 83' lang='lat' dir='ltr'><strong>integritatem</strong></span> <span class='ocrx_word' id='word_1_108' title='bbox 678 2013 743 2056; x_wconf 91' lang='lat' dir='ltr'><strong>non</strong></span> <span class='ocrx_word' id='word_1_109' title='bbox 766 2012 896 2077; x_wconf 90' lang='lat' dir='ltr'><strong>semper</strong></span> <span class='ocrx_word' id='word_1_110' title='bbox 918 1991 1078 2059; x_wconf 82' lang='lat' dir='ltr'><strong>servasse.</strong></span> 
     </span>
    </p>

    <p class='ocr_par' dir='ltr' id='par_1_3' title="bbox 134 2101 1483 4088">
     <span class='ocr_line' id='line_1_15' title="bbox 238 2101 1483 2188; baseline 0 -22"><span class='ocrx_word' id='word_1_111' title='bbox 238 2102 383 2168; x_wconf 82' lang='lat' dir='ltr'><strong>Eandem</strong></span> <span class='ocrx_word' id='word_1_112' title='bbox 404 2106 608 2188; x_wconf 87' lang='lat' dir='ltr'><strong>iniquitatem</strong></span> <span class='ocrx_word' id='word_1_113' title='bbox 631 2107 663 2169; x_wconf 90' lang='lat' dir='ltr'><strong>in</strong></span> <span class='ocrx_word' id='word_1_114' title='bbox 685 2104 916 2188; x_wconf 85' lang='lat' dir='ltr'><strong>prodendis</strong></span> <span class='ocrx_word' id='word_1_115' title='bbox 939 2105 1139 2170; x_wconf 89' lang='lat' dir='ltr'><strong>caedibus</strong></span> <span class='ocrx_word' id='word_1_116' title='bbox 1169 2112 1291 2170; x_wconf 80' lang='lat' dir='ltr'><strong>extra</strong></span> <span class='ocrx_word' id='word_1_117' title='bbox 1319 2101 1483 2188; x_wconf 88' lang='lat' dir='ltr'><strong>proelia</strong></span> 
     </span>
     <span class='ocr_line' id='line_1_16' title="bbox 134 2215 1481 2308; baseline -0.001 -30"><span class='ocrx_word' id='word_1_118' title='bbox 134 2216 175 2280; x_wconf 84' lang='lat' dir='ltr'><strong>fa</strong></span> <span class='ocrx_word' id='word_1_119' title='bbox 184 2217 264 2280; x_wconf 88' lang='lat' dir='ltr'><strong>etis</strong></span> <span class='ocrx_word' id='word_1_120' title='bbox 276 2223 389 2280; x_wconf 84' lang='lat' dir='ltr'><strong>auctor</strong></span> <span class='ocrx_word' id='word_1_121' title='bbox 401 2237 479 2300; x_wconf 86' lang='lat' dir='ltr'><strong>prae</strong></span> <span class='ocrx_word' id='word_1_122' title='bbox 491 2237 528 2280; x_wconf 90' lang='lat' dir='ltr'><strong>se</strong></span> <span class='ocrx_word' id='word_1_123' title='bbox 539 2217 615 2297; x_wconf 86' lang='lat' dir='ltr'><strong>fert,</strong></span> <span class='ocrx_word' id='word_1_124' title='bbox 627 2238 691 2280; x_wconf 91' lang='lat' dir='ltr'><strong>non</strong></span> <span class='ocrx_word' id='word_1_125' title='bbox 704 2215 793 2300; x_wconf 91' lang='lat' dir='ltr'><strong>quod</strong></span> <span class='ocrx_word' id='word_1_126' title='bbox 806 2217 1189 2282; x_wconf 85' lang='lat' dir='ltr'><strong>omniaCaesarianorum</strong></span> <span class='ocrx_word' id='word_1_127' title='bbox 1198 2218 1342 2308; x_wconf 85' lang='lat' dir='ltr'><strong>facinora</strong></span> <span class='ocrx_word' id='word_1_128' title='bbox 1352 2215 1481 2281; x_wconf 89' lang='lat' dir='ltr'><strong>silentio</strong></span> 
     </span>
     <span class='ocr_line' id='line_1_17' title="bbox 135 2304 1481 2415; baseline -0.004 -22"><span class='ocrx_word' id='word_1_129' title='bbox 135 2331 280 2408; x_wconf 89' lang='lat' dir='ltr'><strong>omittat,</strong></span> <span class='ocrx_word' id='word_1_130' title='bbox 315 2330 587 2415; x_wconf 88' lang='lat' dir='ltr'><strong>Pompeianorum</strong></span> <span class='ocrx_word' id='word_1_131' title='bbox 610 2337 764 2394; x_wconf 87' lang='lat' dir='ltr'><strong>accurate</strong></span> <span class='ocrx_word' id='word_1_132' title='bbox 788 2329 949 2414; x_wconf 88' lang='lat' dir='ltr'><strong>explicet,</strong></span> <span class='ocrx_word' id='word_1_133' title='bbox 980 2326 1039 2394; x_wconf 91' lang='lat' dir='ltr'><strong>sed</strong></span> <span class='ocrx_word' id='word_1_134' title='bbox 1062 2304 1230 2413; x_wconf 73' lang='lat' dir='ltr'><strong>quod&#39;itta</strong></span> <span class='ocrx_word' id='word_1_135' title='bbox 1251 2327 1348 2392; x_wconf 85' lang='lat' dir='ltr'><strong>solita</strong></span> <span class='ocrx_word' id='word_1_136' title='bbox 1377 2335 1410 2390; x_wconf 82' lang='lat' dir='ltr'><strong>ct</strong></span> <span class='ocrx_word' id='word_1_137' title='bbox 1438 2347 1481 2390; x_wconf 87' lang='lat' dir='ltr'><strong>ex</strong></span> 
     </span>
     <span class='ocr_line' id='line_1_18' title="bbox 134 2439 1481 2524; baseline -0.003 -20"><span class='ocrx_word' id='word_1_138' title='bbox 134 2440 232 2505; x_wconf 86' lang='lat' dir='ltr'><strong>rebus</strong></span> <span class='ocrx_word' id='word_1_139' title='bbox 255 2447 350 2519; x_wconf 86' lang='lat' dir='ltr'><strong>nata,</strong></span> <span class='ocrx_word' id='word_1_140' title='bbox 382 2440 463 2505; x_wconf 90' lang='lat' dir='ltr'><strong>haec</strong></span> <span class='ocrx_word' id='word_1_141' title='bbox 486 2462 528 2505; x_wconf 90' lang='lat' dir='ltr'><strong>ex</strong></span> <span class='ocrx_word' id='word_1_142' title='bbox 558 2441 696 2507; x_wconf 90' lang='lat' dir='ltr'><strong>militum</strong></span> <span class='ocrx_word' id='word_1_143' title='bbox 731 2441 925 2508; x_wconf 87' lang='lat' dir='ltr'><strong>crudelitate</strong></span> <span class='ocrx_word' id='word_1_144' title='bbox 956 2450 990 2506; x_wconf 90' lang='lat' dir='ltr'><strong>et</strong></span> <span class='ocrx_word' id='word_1_145' title='bbox 1020 2441 1200 2507; x_wconf 87' lang='lat' dir='ltr'><strong>acerbitate</strong></span> <span class='ocrx_word' id='word_1_146' title='bbox 1234 2448 1350 2504; x_wconf 85' lang='lat' dir='ltr'><strong>exorta</strong></span> <span class='ocrx_word' id='word_1_147' title='bbox 1380 2439 1481 2524; x_wconf 85' lang='lat' dir='ltr'><strong>fingit</strong></span> 
     </span>
     <span class='ocr_line' id='line_1_19' title="bbox 135 2551 1480 2640; baseline -0.001 -22"><span class='ocrx_word' id='word_1_148' title='bbox 135 2553 224 2618; x_wconf 87' lang='lat' dir='ltr'><strong>Inter</strong></span> <span class='ocrx_word' id='word_1_149' title='bbox 247 2573 357 2617; x_wconf 89' lang='lat' dir='ltr'><strong>omnes</strong></span> <span class='ocrx_word' id='word_1_150' title='bbox 381 2561 509 2617; x_wconf 88' lang='lat' dir='ltr'><strong>constat</strong></span> <span class='ocrx_word' id='word_1_151' title='bbox 530 2553 594 2618; x_wconf 89' lang='lat' dir='ltr'><strong>hoe</strong></span> <span class='ocrx_word' id='word_1_152' title='bbox 616 2557 723 2640; x_wconf 88' lang='lat' dir='ltr'><strong>ipsum</strong></span> <span class='ocrx_word' id='word_1_153' title='bbox 745 2553 884 2636; x_wconf 89' lang='lat' dir='ltr'><strong>bellurn,</strong></span> <span class='ocrx_word' id='word_1_154' title='bbox 918 2576 990 2618; x_wconf 88' lang='lat' dir='ltr'><strong>cum</strong></span> <span class='ocrx_word' id='word_1_155' title='bbox 1013 2555 1118 2618; x_wconf 87' lang='lat' dir='ltr'><strong>minus</strong></span> <span class='ocrx_word' id='word_1_156' title='bbox 1141 2551 1182 2618; x_wconf 84' lang='lat' dir='ltr'><strong>de</strong></span> <span class='ocrx_word' id='word_1_157' title='bbox 1205 2554 1341 2618; x_wconf 86' lang='lat' dir='ltr'><strong>victoria</strong></span> <span class='ocrx_word' id='word_1_158' title='bbox 1364 2562 1397 2630; x_wconf 88' lang='lat' dir='ltr'><strong>et</strong></span> <span class='ocrx_word' id='word_1_159' title='bbox 1418 2552 1480 2615; x_wconf 88' lang='lat' dir='ltr'><strong>im-</strong></span> 
     </span>
     <span class='ocr_line' id='line_1_20' title="bbox 135 2665 1480 2752; baseline -0.001 -22"><span class='ocrx_word' id='word_1_160' title='bbox 135 2669 226 2750; x_wconf 90' lang='lat' dir='ltr'><strong>perio</strong></span> <span class='ocrx_word' id='word_1_161' title='bbox 249 2678 346 2750; x_wconf 84' lang='lat' dir='ltr'><strong>quarn</strong></span> <span class='ocrx_word' id='word_1_162' title='bbox 370 2665 411 2731; x_wconf 91' lang='lat' dir='ltr'><strong>de</strong></span> <span class='ocrx_word' id='word_1_163' title='bbox 434 2668 502 2732; x_wconf 88' lang='lat' dir='ltr'><strong>vita</strong></span> <span class='ocrx_word' id='word_1_164' title='bbox 526 2674 560 2731; x_wconf 91' lang='lat' dir='ltr'><strong>ct</strong></span> <span class='ocrx_word' id='word_1_165' title='bbox 581 2666 686 2732; x_wconf 88' lang='lat' dir='ltr'><strong>salute</strong></span> <span class='ocrx_word' id='word_1_166' title='bbox 705 2674 914 2752; x_wconf 85' lang='lat' dir='ltr'><strong>pugnaretur,</strong></span> <span class='ocrx_word' id='word_1_167' title='bbox 927 2666 1257 2732; x_wconf 87' lang='lat' dir='ltr'><strong>summaerudclitate</strong></span> <span class='ocrx_word' id='word_1_168' title='bbox 1270 2674 1480 2750; x_wconf 81' lang='lat' dir='ltr'><strong>essegestum</strong></span> 
     </span>
     <span class='ocr_line' id='line_1_21' title="bbox 137 2770 1480 2866; baseline -0.002 -23"><span class='ocrx_word' id='word_1_169' title='bbox 137 2787 170 2844; x_wconf 90' lang='lat' dir='ltr'><strong>et</strong></span> <span class='ocrx_word' id='word_1_170' title='bbox 191 2787 347 2864; x_wconf 88' lang='lat' dir='ltr'><strong>utrasque</strong></span> <span class='ocrx_word' id='word_1_171' title='bbox 369 2789 482 2866; x_wconf 87' lang='lat' dir='ltr'><strong>partes</strong></span> <span class='ocrx_word' id='word_1_172' title='bbox 503 2780 536 2843; x_wconf 90' lang='lat' dir='ltr'><strong>in</strong></span> <span class='ocrx_word' id='word_1_173' title='bbox 557 2778 766 2844; x_wconf 86' lang='lat' dir='ltr'><strong>adversarios</strong></span> <span class='ocrx_word' id='word_1_174' title='bbox 790 2801 886 2864; x_wconf 91' lang='lat' dir='ltr'><strong>quam</strong></span> <span class='ocrx_word' id='word_1_175' title='bbox 902 2779 1112 2846; x_wconf 87' lang='lat' dir='ltr'><strong>acerbissime</strong></span> <span class='ocrx_word' id='word_1_176' title='bbox 1129 2779 1339 2844; x_wconf 88' lang='lat' dir='ltr'><strong>consuluisse.</strong></span> <span class='ocrx_word' id='word_1_177' title='bbox 1362 2770 1480 2860; x_wconf 90' lang='lat' dir='ltr'><strong>Neque</strong></span> 
     </span>
     <span class='ocr_line' id='line_1_22' title="bbox 138 2892 1481 2980; baseline -0.003 -22"><span class='ocrx_word' id='word_1_178' title='bbox 138 2895 275 2978; x_wconf 85' lang='lat' dir='ltr'><strong>scriptor</strong></span> <span class='ocrx_word' id='word_1_179' title='bbox 297 2903 398 2980; x_wconf 85' lang='lat' dir='ltr'><strong>negat</strong></span> <span class='ocrx_word' id='word_1_180' title='bbox 412 2915 432 2956; x_wconf 91' lang='lat' dir='ltr'><strong>a</strong></span> <span class='ocrx_word' id='word_1_181' title='bbox 446 2892 651 2958; x_wconf 87' lang='lat' dir='ltr'><strong>Caesarianis</strong></span> <span class='ocrx_word' id='word_1_182' title='bbox 673 2892 863 2958; x_wconf 86' lang='lat' dir='ltr'><strong>tabellarios</strong></span> <span class='ocrx_word' id='word_1_183' title='bbox 886 2900 1000 2979; x_wconf 87' lang='lat' dir='ltr'><strong>captos</strong></span> <span class='ocrx_word' id='word_1_184' title='bbox 1023 2895 1178 2978; x_wconf 86' lang='lat' dir='ltr'><strong>praecisis</strong></span> <span class='ocrx_word' id='word_1_185' title='bbox 1200 2893 1347 2957; x_wconf 88' lang='lat' dir='ltr'><strong>manibus</strong></span> <span class='ocrx_word' id='word_1_186' title='bbox 1364 2892 1481 2956; x_wconf 87' lang='lat' dir='ltr'><strong>missos</strong></span> 
     </span>
     <span class='ocr_line' id='line_1_23' title="bbox 138 3003 1480 3090; baseline -0.003 -20"><span class='ocrx_word' id='word_1_187' title='bbox 138 3027 210 3070; x_wconf 89' lang='lat' dir='ltr'><strong>esse</strong></span> <span class='ocrx_word' id='word_1_188' title='bbox 238 3006 346 3070; x_wconf 88' lang='lat' dir='ltr'><strong>factos</strong></span> <span class='ocrx_word' id='word_1_189' title='bbox 376 3009 460 3089; x_wconf 82' lang='lat' dir='ltr'><strong>(cap.</strong></span> <span class='ocrx_word' id='word_1_190' title='bbox 493 3005 572 3084; x_wconf 65' lang='lat' dir='ltr'><strong>ms)</strong></span> <span class='ocrx_word' id='word_1_191' title='bbox 602 3012 636 3070; x_wconf 90' lang='lat' dir='ltr'><strong>et</strong></span> <span class='ocrx_word' id='word_1_192' title='bbox 664 3003 886 3090; x_wconf 82' lang='lat' dir='ltr'><strong>deprehensos</strong></span> <span class='ocrx_word' id='word_1_193' title='bbox 916 3005 1034 3070; x_wconf 87' lang='lat' dir='ltr'><strong>milites</strong></span> <span class='ocrx_word' id='word_1_194' title='bbox 1064 3005 1355 3090; x_wconf 74' lang='lat' dir='ltr'><strong>speculatoresque</strong></span> <span class='ocrx_word' id='word_1_195' title='bbox 1377 3006 1480 3067; x_wconf 89' lang='lat' dir='ltr'><strong>inter-</strong></span> 
     </span>
     <span class='ocr_line' id='line_1_24' title="bbox 136 3116 1480 3204; baseline -0.001 -22"><span class='ocrx_word' id='word_1_196' title='bbox 136 3121 242 3184; x_wconf 84' lang='lat' dir='ltr'><strong>fectos</strong></span> <span class='ocrx_word' id='word_1_197' title='bbox 265 3118 347 3204; x_wconf 86' lang='lat' dir='ltr'><strong>(cap.</strong></span> <span class='ocrx_word' id='word_1_198' title='bbox 377 3121 458 3200; x_wconf 74' lang='lat'><strong>16,4;</strong></span> <span class='ocrx_word' id='word_1_199' title='bbox 483 3119 565 3197; x_wconf 78' lang='lat'><strong>13,2;</strong></span> <span class='ocrx_word' id='word_1_200' title='bbox 589 3118 670 3202; x_wconf 61' lang='lat' dir='ltr'><strong>Pop)</strong></span> <span class='ocrx_word' id='word_1_201' title='bbox 694 3125 728 3183; x_wconf 91' lang='lat' dir='ltr'><strong>et</strong></span> <span class='ocrx_word' id='word_1_202' title='bbox 750 3139 873 3198; x_wconf 89' lang='lat' dir='ltr'><strong>omues,</strong></span> <span class='ocrx_word' id='word_1_203' title='bbox 897 3119 954 3202; x_wconf 91' lang='lat' dir='ltr'><strong>qui</strong></span> <span class='ocrx_word' id='word_1_204' title='bbox 977 3121 1235 3198; x_wconf 87' lang='lat' dir='ltr'><strong>coniuraverant,</strong></span> <span class='ocrx_word' id='word_1_205' title='bbox 1251 3125 1346 3182; x_wconf 87' lang='lat' dir='ltr'><strong>extra</strong></span> <span class='ocrx_word' id='word_1_206' title='bbox 1359 3116 1480 3181; x_wconf 89' lang='lat' dir='ltr'><strong>vallum</strong></span> 
     </span>
     <span class='ocr_line' id='line_1_25' title="bbox 137 3226 1480 3316; baseline -0.001 -22"><span class='ocrx_word' id='word_1_207' title='bbox 137 3234 284 3296; x_wconf 89' lang='lat' dir='ltr'><strong>concisos</strong></span> <span class='ocrx_word' id='word_1_208' title='bbox 319 3233 406 3316; x_wconf 85' lang='lat' dir='ltr'><strong>(cap.</strong></span> <span class='ocrx_word' id='word_1_209' title='bbox 440 3226 529 3316; x_wconf 63' lang='lat' dir='ltr'><strong>toa).</strong></span> <span class='ocrx_word' id='word_1_210' title='bbox 573 3229 674 3294; x_wconf 88' lang='lat' dir='ltr'><strong>Nullo</strong></span> <span class='ocrx_word' id='word_1_211' title='bbox 708 3239 817 3295; x_wconf 89' lang='lat' dir='ltr'><strong>autem</strong></span> <span class='ocrx_word' id='word_1_212' title='bbox 849 3230 923 3295; x_wconf 91' lang='lat' dir='ltr'><strong>loeo</strong></span> <span class='ocrx_word' id='word_1_213' title='bbox 958 3230 1000 3296; x_wconf 91' lang='lat' dir='ltr'><strong>ob</strong></span> <span class='ocrx_word' id='word_1_214' title='bbox 1034 3254 1073 3295; x_wconf 88' lang='lat' dir='ltr'><strong>ea</strong></span> <span class='ocrx_word' id='word_1_215' title='bbox 1104 3231 1193 3296; x_wconf 85' lang='lat' dir='ltr'><strong>iacta</strong></span> <span class='ocrx_word' id='word_1_216' title='bbox 1225 3231 1480 3315; x_wconf 85' lang='lat' dir='ltr'><strong>indignationem</strong></span> 
     </span>
     <span class='ocr_line' id='line_1_26' title="bbox 138 3329 1479 3434; baseline -0.001 -27"><span class='ocrx_word' id='word_1_217' title='bbox 138 3343 299 3426; x_wconf 88' lang='lat' dir='ltr'><strong>quandam</strong></span> <span class='ocrx_word' id='word_1_218' title='bbox 314 3343 460 3421; x_wconf 79' lang='lat' dir='ltr'><strong>exhibet,</strong></span> <span class='ocrx_word' id='word_1_219' title='bbox 482 3365 646 3428; x_wconf 90' lang='lat' dir='ltr'><strong>nunquam</strong></span> <span class='ocrx_word' id='word_1_220' title='bbox 660 3342 877 3409; x_wconf 87' lang='lat' dir='ltr'><strong>Caesarianos</strong></span> <span class='ocrx_word' id='word_1_221' title='bbox 900 3343 1134 3408; x_wconf 89' lang='lat' dir='ltr'><strong>crudeliter</strong></span> <span class='ocrx_word' id='word_1_222' title='bbox 1156 3329 1276 3426; x_wconf 82' lang='lat' dir='ltr'><strong>fecisse</strong></span> <span class='ocrx_word' id='word_1_223' title='bbox 1295 3345 1479 3434; x_wconf 86' lang='lat' dir='ltr'><strong>confirmat;</strong></span> 
     </span>
     <span class='ocr_line' id='line_1_27' title="bbox 137 3455 1480 3542; baseline 0 -24"><span class='ocrx_word' id='word_1_224' title='bbox 137 3459 231 3520; x_wconf 91' lang='lat' dir='ltr'><strong>immo</strong></span> <span class='ocrx_word' id='word_1_225' title='bbox 254 3477 334 3522; x_wconf 89' lang='lat' dir='ltr'><strong>vero</strong></span> <span class='ocrx_word' id='word_1_226' title='bbox 357 3456 510 3538; x_wconf 85' lang='lat' dir='ltr'><strong>superbia</strong></span> <span class='ocrx_word' id='word_1_227' title='bbox 532 3455 673 3540; x_wconf 89' lang='lat' dir='ltr'><strong>quadam</strong></span> <span class='ocrx_word' id='word_1_228' title='bbox 696 3463 731 3520; x_wconf 93' lang='lat' dir='ltr'><strong>et</strong></span> <span class='ocrx_word' id='word_1_229' title='bbox 751 3455 876 3520; x_wconf 87' lang='lat' dir='ltr'><strong>laetitia</strong></span> <span class='ocrx_word' id='word_1_230' title='bbox 898 3457 1001 3522; x_wconf 90' lang='lat' dir='ltr'><strong>refert</strong></span> <span class='ocrx_word' id='word_1_231' title='bbox 1024 3458 1108 3542; x_wconf 88' lang='lat' dir='ltr'><strong>(cap.</strong></span> <span class='ocrx_word' id='word_1_232' title='bbox 1133 3458 1214 3542; x_wconf 80' lang='lat'><strong>32,1)</strong></span> <span class='ocrx_word' id='word_1_233' title='bbox 1243 3457 1361 3521; x_wconf 85' lang='lat' dir='ltr'><strong>milites</strong></span> <span class='ocrx_word' id='word_1_234' title='bbox 1392 3455 1480 3520; x_wconf 88' lang='lat' dir='ltr'><strong>Cae-</strong></span> 
     </span>
     <span class='ocr_line' id='line_1_28' title="bbox 138 3568 1480 3658; baseline 0 -24"><span class='ocrx_word' id='word_1_235' title='bbox 138 3571 218 3656; x_wconf 81' lang='lat' dir='ltr'><strong>saris</strong></span> <span class='ocrx_word' id='word_1_236' title='bbox 250 3578 328 3655; x_wconf 90' lang='lat' dir='ltr'><strong>post</strong></span> <span class='ocrx_word' id='word_1_237' title='bbox 362 3591 505 3656; x_wconf 85' lang='lat' dir='ltr'><strong>pugnam</strong></span> <span class='ocrx_word' id='word_1_238' title='bbox 539 3568 754 3634; x_wconf 86' lang='lat' dir='ltr'><strong>Mundensem</strong></span> <span class='ocrx_word' id='word_1_239' title='bbox 782 3592 856 3655; x_wconf 88' lang='lat' dir='ltr'><strong>pro</strong></span> <span class='ocrx_word' id='word_1_240' title='bbox 886 3575 1077 3658; x_wconf 89' lang='lat' dir='ltr'><strong>caespite</strong></span> <span class='ocrx_word' id='word_1_241' title='bbox 1106 3570 1314 3636; x_wconf 86' lang='lat' dir='ltr'><strong>cadavera</strong></span> <span class='ocrx_word' id='word_1_242' title='bbox 1343 3570 1480 3634; x_wconf 89' lang='lat' dir='ltr'><strong>collo-</strong></span> 
     </span>
     <span class='ocr_line' id='line_1_29' title="bbox 139 3682 1478 3769; baseline 0.001 -25"><span class='ocrx_word' id='word_1_243' title='bbox 139 3703 256 3748; x_wconf 87' lang='lat' dir='ltr'><strong>casse</strong></span> <span class='ocrx_word' id='word_1_244' title='bbox 299 3684 471 3768; x_wconf 85' lang='lat' dir='ltr'><strong>insnper</strong></span> <span class='ocrx_word' id='word_1_245' title='bbox 514 3686 554 3748; x_wconf 91' lang='lat' dir='ltr'><strong>in</strong></span> <span class='ocrx_word' id='word_1_246' title='bbox 597 3682 833 3768; x_wconf 86' lang='lat' dir='ltr'><strong>gladiorum</strong></span> <span class='ocrx_word' id='word_1_247' title='bbox 867 3706 1061 3750; x_wconf 90' lang='lat' dir='ltr'><strong>mucrone</strong></span> <span class='ocrx_word' id='word_1_248' title='bbox 1099 3687 1240 3769; x_wconf 88' lang='lat' dir='ltr'><strong>capita</strong></span> <span class='ocrx_word' id='word_1_249' title='bbox 1275 3683 1478 3747; x_wconf 90' lang='lat' dir='ltr'><strong>hominum</strong></span> 
     </span>
     <span class='ocr_line' id='line_1_30' title="bbox 139 3792 1480 3882; baseline 0 -25"><span class='ocrx_word' id='word_1_250' title='bbox 139 3793 330 3858; x_wconf 87' lang='lat' dir='ltr'><strong>ordinata</strong></span> <span class='ocrx_word' id='word_1_251' title='bbox 358 3792 408 3858; x_wconf 87' lang='lat' dir='ltr'><strong>ad</strong></span> <span class='ocrx_word' id='word_1_252' title='bbox 437 3794 632 3880; x_wconf 89' lang='lat' dir='ltr'><strong>oppidum</strong></span> <span class='ocrx_word' id='word_1_253' title='bbox 662 3818 877 3879; x_wconf 86' lang='lat' dir='ltr'><strong>conversa,</strong></span> <span class='ocrx_word' id='word_1_254' title='bbox 913 3807 1051 3866; x_wconf 87' lang='lat' dir='ltr'><strong>ut...</strong></span> <span class='ocrx_word' id='word_1_255' title='bbox 1087 3797 1262 3862; x_wconf 87' lang='lat' dir='ltr'><strong>virtutis</strong></span> <span class='ocrx_word' id='word_1_256' title='bbox 1298 3798 1480 3882; x_wconf 84' lang='lat' dir='ltr'><strong>insignia</strong></span> 
     </span>
     <span class='ocr_line' id='line_1_31' title="bbox 140 3906 1479 3996; baseline 0.001 -27"><span class='ocrx_word' id='word_1_257' title='bbox 140 3906 365 3989; x_wconf 83' lang='lat' dir='ltr'><strong>viderent‘3</strong></span> <span class='ocrx_word' id='word_1_258' title='bbox 389 3907 792 3992; x_wconf 83' lang='lat' dir='ltr'><strong>quodfactumFlorus,</strong></span> <span class='ocrx_word' id='word_1_259' title='bbox 815 3909 1150 3996; x_wconf 83' lang='lat' dir='ltr'><strong>epit.lV,snominat:</strong></span> <span class='ocrx_word' id='word_1_260' title='bbox 1173 3907 1344 3986; x_wconf 86' lang='lat' dir='ltr'><strong>,foedum</strong></span> <span class='ocrx_word' id='word_1_261' title='bbox 1360 3911 1479 3973; x_wconf 86' lang='lat' dir='ltr'><strong>etiam</strong></span> 
     </span>
     <span class='ocr_line' id='line_1_32' title="bbox 139 4019 1254 4088; baseline 0.003 -6"><span class='ocrx_word' id='word_1_262' title='bbox 139 4021 245 4086; x_wconf 86' lang='lat' dir='ltr'><strong>inter</strong></span> <span class='ocrx_word' id='word_1_263' title='bbox 267 4019 493 4088; x_wconf 83' lang='lat' dir='ltr'><strong>barbaros‘.</strong></span> <span class='ocrx_word' id='word_1_264' title='bbox 1251 4027 1254 4034; x_wconf 76' lang='grc'><strong>“</strong></span> 
     </span>
    </p>

    <p class='ocr_par' dir='ltr' id='par_1_4' title="bbox 139 4132 1479 4789">
     <span class='ocr_line' id='line_1_33' title="bbox 243 4132 1478 4218; baseline 0.001 -21"><span class='ocrx_word' id='word_1_265' title='bbox 243 4132 462 4216; x_wconf 87' lang='lat' dir='ltr'><strong>Pompeianos</strong></span> <span class='ocrx_word' id='word_1_266' title='bbox 490 4142 600 4199; x_wconf 89' lang='lat' dir='ltr'><strong>autern</strong></span> <span class='ocrx_word' id='word_1_267' title='bbox 629 4137 822 4201; x_wconf 82' lang='lat' dir='ltr'><strong>eximiam</strong></span> <span class='ocrx_word' id='word_1_268' title='bbox 853 4135 1149 4201; x_wconf 87' lang='lat' dir='ltr'><strong>crudelitatem</strong></span> <span class='ocrx_word' id='word_1_269' title='bbox 1172 4137 1478 4218; x_wconf 85' lang='lat' dir='ltr'><strong>saevitiamque</strong></span> 
     </span>
     <span class='ocr_line' id='line_1_34' title="bbox 139 4245 1479 4334; baseline 0.001 -24"><span class='ocrx_word' id='word_1_270' title='bbox 139 4269 197 4310; x_wconf 91' lang='lat' dir='ltr'><strong>non</strong></span> <span class='ocrx_word' id='word_1_271' title='bbox 216 4247 250 4311; x_wconf 88' lang='lat' dir='ltr'><strong>iu</strong></span> <span class='ocrx_word' id='word_1_272' title='bbox 272 4245 497 4327; x_wconf 89' lang='lat' dir='ltr'><strong>adversarios,</strong></span> <span class='ocrx_word' id='word_1_273' title='bbox 526 4246 641 4313; x_wconf 90' lang='lat' dir='ltr'><strong>sedin</strong></span> <span class='ocrx_word' id='word_1_274' title='bbox 663 4269 742 4314; x_wconf 89' lang='lat' dir='ltr'><strong>suos</strong></span> <span class='ocrx_word' id='word_1_275' title='bbox 763 4249 912 4334; x_wconf 87' lang='lat' dir='ltr'><strong>hospites</strong></span> <span class='ocrx_word' id='word_1_276' title='bbox 934 4247 1024 4312; x_wconf 88' lang='lat' dir='ltr'><strong>nulla</strong></span> <span class='ocrx_word' id='word_1_277' title='bbox 1046 4247 1088 4312; x_wconf 89' lang='lat' dir='ltr'><strong>de</strong></span> <span class='ocrx_word' id='word_1_278' title='bbox 1111 4266 1211 4312; x_wconf 88' lang='lat' dir='ltr'><strong>causa</strong></span> <span class='ocrx_word' id='word_1_279' title='bbox 1233 4246 1422 4312; x_wconf 83' lang='lat' dir='ltr'><strong>adhibuisse</strong></span> <span class='ocrx_word' id='word_1_280' title='bbox 1446 4255 1479 4312; x_wconf 91' lang='lat' dir='ltr'><strong>et</strong></span> 
     </span>
     <span class='ocr_line' id='line_1_35' title="bbox 141 4359 1478 4445; baseline 0.001 -22"><span class='ocrx_word' id='word_1_281' title='bbox 141 4360 311 4444; x_wconf 87' lang='lat' dir='ltr'><strong>hospitium</strong></span> <span class='ocrx_word' id='word_1_282' title='bbox 340 4359 465 4426; x_wconf 86' lang='lat' dir='ltr'><strong>scelere</strong></span> <span class='ocrx_word' id='word_1_283' title='bbox 497 4363 735 4427; x_wconf 86' lang='lat' dir='ltr'><strong>contaminasse</strong></span> <span class='ocrx_word' id='word_1_284' title='bbox 769 4361 857 4428; x_wconf 88' lang='lat' dir='ltr'><strong>dicit.</strong></span> <span class='ocrx_word' id='word_1_285' title='bbox 900 4361 1034 4442; x_wconf 82' lang='lat' dir='ltr'><strong>Confer,</strong></span> <span class='ocrx_word' id='word_1_286' title='bbox 1066 4379 1150 4444; x_wconf 93' lang='lat' dir='ltr'><strong>quae</strong></span> <span class='ocrx_word' id='word_1_287' title='bbox 1179 4381 1279 4445; x_wconf 88' lang='lat' dir='ltr'><strong>supra</strong></span> <span class='ocrx_word' id='word_1_288' title='bbox 1308 4365 1390 4445; x_wconf 87' lang='lat' dir='ltr'><strong>(cap.</strong></span> <span class='ocrx_word' id='word_1_289' title='bbox 1421 4359 1478 4443; x_wconf 67' lang='lat' dir='ltr'><strong>lp)</strong></span> 
     </span>
     <span class='ocr_line' id='line_1_36' title="bbox 145 4471 1477 4560; baseline 0.002 -25"><span class='ocrx_word' id='word_1_290' title='bbox 145 4471 183 4537; x_wconf 89' lang='lat' dir='ltr'><strong>de</strong></span> <span class='ocrx_word' id='word_1_291' title='bbox 204 4473 313 4538; x_wconf 89' lang='lat' dir='ltr'><strong>verbis</strong></span> <span class='ocrx_word' id='word_1_292' title='bbox 337 4474 508 4558; x_wconf 91' lang='lat' dir='ltr'><strong>,optime</strong></span> <span class='ocrx_word' id='word_1_293' title='bbox 531 4472 580 4538; x_wconf 92' lang='lat' dir='ltr'><strong>de</strong></span> <span class='ocrx_word' id='word_1_294' title='bbox 603 4472 668 4539; x_wconf 82' lang='lat' dir='ltr'><strong>On.</strong></span> <span class='ocrx_word' id='word_1_295' title='bbox 691 4475 888 4560; x_wconf 91' lang='lat' dir='ltr'><strong>Pompeio</strong></span> <span class='ocrx_word' id='word_1_296' title='bbox 911 4477 1085 4540; x_wconf 87' lang='lat' dir='ltr'><strong>meritus</strong></span> <span class='ocrx_word' id='word_1_297' title='bbox 1108 4475 1232 4538; x_wconf 88' lang='lat' dir='ltr'><strong>civis‘</strong></span> <span class='ocrx_word' id='word_1_298' title='bbox 1256 4473 1477 4538; x_wconf 87' lang='lat' dir='ltr'><strong>disseruimus.</strong></span> 
     </span>
     <span class='ocr_line' id='line_1_37' title="bbox 141 4583 1477 4672; baseline 0.001 -24"><span class='ocrx_word' id='word_1_299' title='bbox 141 4583 283 4649; x_wconf 83' lang='lat' dir='ltr'><strong>Eandem</strong></span> <span class='ocrx_word' id='word_1_300' title='bbox 306 4587 498 4652; x_wconf 88' lang='lat' dir='ltr'><strong>calumniam</strong></span> <span class='ocrx_word' id='word_1_301' title='bbox 522 4589 619 4651; x_wconf 88' lang='lat' dir='ltr'><strong>ctiam</strong></span> <span class='ocrx_word' id='word_1_302' title='bbox 642 4587 693 4652; x_wconf 89' lang='lat' dir='ltr'><strong>his</strong></span> <span class='ocrx_word' id='word_1_303' title='bbox 714 4586 796 4653; x_wconf 90' lang='lat' dir='ltr'><strong>loeis</strong></span> <span class='ocrx_word' id='word_1_304' title='bbox 819 4587 995 4672; x_wconf 78' lang='lat' dir='ltr'><strong>significari</strong></span> <span class='ocrx_word' id='word_1_305' title='bbox 1023 4587 1179 4653; x_wconf 86' lang='lat' dir='ltr'><strong>arbitror:</strong></span> <span class='ocrx_word' id='word_1_306' title='bbox 1215 4587 1283 4670; x_wconf 59' lang='lat' dir='ltr'><strong>loa</strong></span> <span class='ocrx_word' id='word_1_307' title='bbox 1310 4590 1477 4668; x_wconf 83' lang='lat' dir='ltr'><strong>,uesan-</strong></span> 
     </span>
     <span class='ocr_line' id='line_1_38' title="bbox 143 4694 1477 4789; baseline 0.002 -28"><span class='ocrx_word' id='word_1_308' title='bbox 143 4697 225 4762; x_wconf 89' lang='lat' dir='ltr'><strong>dum</strong></span> <span class='ocrx_word' id='word_1_309' title='bbox 249 4699 670 4786; x_wconf 87' lang='lat' dir='ltr'><strong>crudelissimumque</strong></span> <span class='ocrx_word' id='word_1_310' title='bbox 692 4694 866 4768; x_wconf 78' lang='lat' dir='ltr'><strong>facinus·</strong></span> <span class='ocrx_word' id='word_1_311' title='bbox 882 4711 977 4768; x_wconf 89' lang='lat' dir='ltr'><strong>sunt</strong></span> <span class='ocrx_word' id='word_1_312' title='bbox 999 4703 1195 4789; x_wconf 82' lang='lat' dir='ltr'><strong>aggressi</strong></span> <span class='ocrx_word' id='word_1_313' title='bbox 1215 4705 1254 4766; x_wconf 91' lang='lat' dir='ltr'><strong>in</strong></span> <span class='ocrx_word' id='word_1_314' title='bbox 1278 4722 1477 4787; x_wconf 88' lang='lat' dir='ltr'><strong>conspee-</strong></span> 
     </span>
    </p>
   </div>
   <div class='ocr_carea' id='block_1_2' title="bbox 0 0 1731 5384">
    <p class='ocr_par' dir='ltr' id='par_1_5' title="bbox 0 0 1731 5384">
     <span class='ocr_line' id='line_1_39' title="bbox 0 0 1731 5384; baseline 0 0"><span class='ocrx_word' id='word_1_315' title='bbox 0 0 1731 5384; x_wconf 95' lang='lat' dir='ltr'><strong> </strong></span> 
     </span>
    </p>
   </div>
  </div>
 </body>
</html>
