3446 5384
776 454 817 517 29

119 689 229 769 Quam
251 696 434 775 temporum
456 689 740 754 commutationem
762 688 804 753 ab
826 689 866 753 iis
879 687 1103 773 scriptoribus,
1115 689 1172 770 qui
1184 686 1326 773 eleganti
1338 687 1468 754 dicendi

119 804 237 889 generi
259 800 464 884 studuerunt,
487 823 620 887 perraro
643 801 775 879 factam,
798 801 928 886 vulgari
950 821 1109 879 sermone,
1132 809 1169 865 ut
1191 823 1212 866 a
1233 801 1402 882 Vitruvio,
1425 804 1467 869 ab
1548 815 1550 819 ’

119 923 257 978 auctore
287 915 366 980 belli
388 916 536 980 Africani
565 916 707 980 maxime
738 914 980 998 frequentatam
1010 934 1084 979 esse
1106 913 1328 999 Nipperdeius
1352 913 1467 1002 (prael.

117 1049 153 1112 p.
180 1029 221 1092 20
244 1033 285 1093 et'
300 1027 354 1106 21)
379 1028 539 1114 exemplis
562 1027 702 1092 dilucida
727 1028 890 1113 exposuit.
935 1025 1065 1093 Similes
1088 1026 1180 1092 locos
1209 1026 1343 1113 collegit
1371 1031 1468 1093 etiam

116 1141 286 1222 Roeusclr,
310 1141 409 1222 (Itala
431 1141 497 1206 und
510 1142 664 1229 Vulgata,
686 1163 719 1229 p.
744 1141 833 1225 431).
864 1141 950 1222 Quin
974 1144 1071 1212 etiam
1095 1143 1318 1208 coniunctivus
1338 1141 1467 1228 plusqu.

117 1254 212 1338 apud
233 1257 374 1320 rusticos
396 1254 551 1340 paulatim
572 1255 670 1340 plane
692 1257 726 1318 in
750 1256 832 1322 coni.
855 1257 931 1338 imp.
964 1254 1070 1318 locum
1101 1257 1299 1322 successisse
1327 1253 1467 1335 videtur,

118 1366 214 1451 quod
236 1367 367 1452 linguae
390 1365 606 1447 Romanitas,
638 1386 724 1451 quae
745 1368 814 1430 iure
837 1365 924 1430 filiae
949 1365 1105 1430 cotidiani
1126 1368 1285 1432 sermonis
1308 1366 1468 1448 dicuntur,

118 1481 249 1544 formae
261 1480 381 1543 latinae
394 1482 477 1546 coni.
489 1479 619 1564 plusqu.
628 1480 694 1544 vim
710 1480 790 1543 coni.
802 1477 931 1564 imperf.
943 1479 1126 1544 tribuerunt
1138 1487 1171 1544 et
1183 1478 1315 1544 latinam
1328 1480 1467 1546 formam

122 1595 207 1659 coni.
230 1591 358 1677 imperf.
381 1592 583 1657 sustulerunt
594 1593 629 1674 ¹).

226 1705 345 1790 Neque
379 1727 453 1770 raro
487 1705 695 1770 indicativi
723 1705 810 1770 loco
841 1707 1138 1770 coniunctivum
1170 1704 1380 1774 offendimus:
1426 1709 1466 1787 2,ι

122 1841 208 1903 ,cum
236 1821 339 1906 legati
370 1819 621 1899 Cordubenses,
651 1820 707 1903 qui
734 1816 835 1886 aCu.
867 1819 1026 1903 Pompeio
1058 1818 1303 1901 discessissent,
1334 1817 1469 1887 Caesari

120 1934 254 1998 obviam
273 1934 461 2000 venissent‘.
507 1934 571 2013 ll,r
594 1932 648 2010 ,M.
671 1932 826 2011 Marcius,
849 1932 998 1998 tribunus
1021 1930 1157 1996 militum
1169 1934 1224 2016 qui
1236 1933 1355 1998 fuisset
1365 1935 1468 2000 Pom-

119 2049 199 2132 pcii,
222 2044 264 2109 ad
286 2065 347 2109 nos
372 2045 571 2131 transfugit‘.
616 2047 685 2126 22,4
714 2066 815 2126 ,eum,
848 2047 904 2128 qui
933 2044 1061 2129 legatos
1092 2044 1292 2130 iugulasset,
1321 2044 1468 2131 lapidare

189 2159 386 2242 coeperunt‘.
433 2161 497 2238 27,s
521 2158 703 2242 ,milesque,
733 2161 790 2242 qui
811 2158 946 2222 fratrem
969 2178 1061 2222 suurn
1084 2160 1117 2222 in
1140 2160 1255 2222 castris
1276 2159 1469 2245 iugulasset,

119 2275 324 2355 interceptus
347 2273 419 2336 est‘.
464 2273 532 2358 aar
555 2273 603 2355 ‚P.
627 2269 802 2353 Caecilius,
826 2273 882 2354 qui
904 2273 1140 2340 castrisantea
1160 2272 1311 2357 Pompeii
1325 2294 1470 2359 praepo-

121 2389 206 2450 situs
229 2391 327 2466 esset,
352 2385 421 2449 eius
443 2384 553 2450 verbis
575 2387 722 2450 nuntium
743 2385 863 2450 mittit‘.
898 2384 963 2466 38,1
989 2381 1139 2466 ,Equites
1162 2390 1196 2448 et
1207 2384 1370 2468 cohortes,
1385 2407 1469 2469 quae

120 2497 167 2562 ad
194 2496 458 2582 persequendum
486 2499 606 2563 missae
636 2505 748 2564 essent
770 2549 778 2565 .
802 2545 811 2566 ,
835 2549 843 2566 .
866 2498 1023 2562 certiores
1056 2496 1158 2563 fiunt‘.
1204 2499 1269 2578 32,ι
1305 2489 1361 2578 ,ex
1389 2499 1470 2585 fuga

120 2613 195 2692 hae,
219 2611 276 2693 qui
298 2609 452 2695 oppidum
476 2608 633 2676 Mundam
646 2611 710 2675 sibi
722 2590 969 2676 constituissent
980 2609 1199 2695 praesidium‘.
1235 2610 1470 2678 Coniunctivus
1501 2677 1504 2688 ,

121 2723 250 2809 imperf.
272 2744 333 2808 pro
355 2721 532 2788 indicativo
555 2723 720 2788 adhibitus
742 2724 837 2789 nobis
859 2723 989 2786 obviarn
1012 2724 1119 2810 venit:
1144 2722 1209 2804 13,⁵
1221 2733 1370 2810 ,propter
1381 2726 1471 2808 quod

122 2837 194 2901 fere
216 2858 334 2922 magna
355 2857 432 2921 pars
455 2837 638 2918 hominum,
668 2839 724 2921 qui
747 2839 779 2901 in
802 2838 918 2902 castris
940 2838 1062 2901 nostris
1087 2845 1214 2920 essent,
1241 2858 1306 2903 non
1338 2837 1470 2903 dubita·
1558 2847 1561 2856 '

122 2953 219 3014 runt‘.
258 2950 322 3032 32,r
347 2950 424 3030 ,Qui
446 2948 574 3014 illarum
596 2951 736 3035 partium
759 2951 905 3014 fautores
929 2957 1048 3030 essent,
1064 2951 1261 3015 conveniunt
1273 2951 1307 3034 in
1320 2948 1470 3018 domum‘.

122 3063 191 3145 35,s
220 3061 272 3143 ,ad
306 3063 467 3144 Lennium
497 3064 667 3143 convenit,
697 3064 754 3146 qui
783 3062 867 3127 bene
895 3082 1044 3147 magnam
1077 3082 1206 3140 manum
1239 3062 1470 3127 Lusitanorum

121 3177 282 3244 haberet‘.
327 3176 390 3258 37,1
415 3176 508 3256 ,Pars
531 3184 610 3256 erat,
633 3196 718 3260 quae
740 3175 870 3261 legatos
892 3173 935 3240 ad
958 3174 1135 3241 Caesarem
1156 3177 1300 3257 miserat,
1323 3195 1399 3260 pars
1414 3178 1472 3259 qui

120 3290 396 3374 Pompeianorum
419 3287 566 3352 fautores
590 3288 721 3353 essent‘.
758 3286 839 3353 Cum
863 3289 960 3354 etiarn
983 3287 1071 3373 apud
1094 3296 1259 3353 auctorem
1281 3287 1360 3352 belli
1376 3287 1471 3351 Afri-

122 3402 212 3465 carii:
235 3399 299 3481 35,1
324 3401 462 3482 ,Quibus
485 3401 582 3467 rebus
604 3399 716 3485 Scipio
740 3401 861 3485 quique
886 3421 958 3464 cum
982 3420 1021 3465 eo
1045 3408 1166 3483 essent,
1189 3402 1298 3466 mirari
1311 3407 1345 3466 ot
1358 3403 1471 3484 requi-

121 3520 217 3580 rere‘.
262 3513 761 3595 77,1,Thabenensesinterim,
793 3515 850 3596 qui
879 3513 940 3578 sub
970 3512 1098 3578 dicione
1125 3521 1159 3577 et
1180 3521 1346 3598 potestate
1368 3512 1470 3579 Iubae

123 3649 200 3692 esse
223 3635 437 3694 consuessent
461 3681 467 3694 .
492 3678 500 3694 .
524 3673 532 3694 .
556 3627 698 3692 mittunt‘
721 3629 754 3690 in
778 3629 943 3691 enuntiato
966 3626 1104 3690 relativo
1128 3628 1368 3692 coniunctivum
1401 3628 1471 3694 sine

122 3763 226 3808 causa
247 3742 390 3826 positum
412 3741 622 3824 reperiamus,
645 3739 868 3825 Nipperdeius
891 3761 951 3805 nos
973 3739 1074 3804 habet
1096 3741 1339 3804 consentientes
1359 3739 1469 3806 dicens

72 3895 74 3902 ι
123 3862 172 3943 (p.
197 3854 253 3938 21)
276 3854 362 3918 hunc
384 3855 583 3917 coniunctivi
606 3873 699 3918 usum
723 3874 767 3917 ex
790 3853 921 3940 vulgari
942 3853 1092 3918 sermone
1113 3845 1251 3918 ¹ascitum
1275 3873 1358 3922 csse.

230 3966 284 4031 Ad
306 3965 390 4031 hanc
412 3964 575 4050 duplicem
598 3970 893 4049 commutationem,
918 3973 951 4031 et
974 3968 1131 4051 temporis
1145 3966 1289 4048 etmodi,
1313 3967 1470 4032 suntsine

123 4081 225 4146 dubio
239 4077 405 4144 referendi
426 4079 450 4141 ii
470 4077 543 4155 loci,
565 4077 622 4142 irbi
644 4080 918 4143 coniunctivus
940 4078 1094 4164 plusqu.
1117 4099 1186 4163 pro
1209 4081 1294 4165 imp.
1319 4078 1470 4144 indica-

116 4197 205 4258 'tivo
228 4191 393 4256 adhibitus
416 4191 553 4275 legitur:
587 4189 632 4274 3,a
655 4192 858 4272 ,existimant
879 4212 982 4278 prope
1000 4213 1119 4277 magna
1127 4201 1205 4276 pars
1216 4191 1471 4275 hominum,'qui

123 4309 157 4368 in
180 4304 231 4370 his
254 4306 369 4368 castris
391 4305 543 4384 fuissent,
566 4324 602 4369 se
624 4324 729 4389 prope
752 4313 866 4389 captos
890 4307 974 4370 esse‘
997 4309 1081 4384 (curn
1092 4303 1292 4388 Fleischem,
1315 4305 1470 4370 obacrit.

124 4439 157 4502 p.
181 4417 228 4499 o).
274 4417 338 4498 13,a
361 4414 423 4497 ,Eo
446 4415 498 4480 die
520 4415 559 4479 A.
582 4415 733 4501 Valgius,
757 4417 917 4482 senatoris
941 4415 1150 4494 filius,.cuius
1172 4416 1276 4482 frater
1302 4418 1470 4481 incastris

125 4529 276 4615 Pompeii
297 4529 416 4593 fuisset
439 4581 446 4596 .
471 4580 479 4595 .
502 4576 509 4590 .
532 4575 540 4591 .
563 4529 667 4612 fugit‘.
714 4529 781 4608 18,4
808 4527 954 4611 ,Servus
978 4530 1069 4594 cuius
1092 4526 1242 4593 dominus
1263 4532 1295 4592 in
1318 4528 1470 4595 Caesaris

1005 4687 1468 4710 ..........-......,......-........

232 4773 249 4840 ¹)
268 4772 315 4822 cfr.
332 4769 410 4839 Dies,
430 4769 547 4823 Gramm.
568 4772 593 4822 d.
612 4787 677 4824 rom.
697 4769 758 4838 Cpr.
775 4771 844 4839 Ilm,
864 4791 885 4829 et
899 4790 946 4840 „,;
964 4774 1047 4842 111„„
1065 4771 1099 4824 A.
