3446 5384
805 399 845 461 73

723 508 927 516 ...βψ-.-

137 634 235 706 ὥστι
247 690 254 704 .
337 640 555 720 Quamobrem
568 642 758 704 Drumanno
771 637 794 724 1)
818 637 939 702 dicenti
960 635 1045 700 huno
1066 652 1235 698 numerum
1253 652 1326 696 esse
1340 631 1495 696 minorem

139 755 325 819 assentior.

257 865 394 932 Numeri
421 875 547 949 antem,
570 869 626 949 qui
648 865 690 930 ad
713 866 933 950 Pompeianos
957 863 1138 946 pertinent,
1169 856 1300 922 modum
1334 853 1497 922 excedere

142 981 231 1044 mihi
261 979 421 1044 videntur.
467 979 606 1046 Constat
637 978 725 1064 apud
756 961 913 1042 Mundam
944 977 1032 1039 vires
1062 974 1201 1057 Pompei
1230 978 1265 1036 ct
1281 969 1433 1059 ¹obtritas
1464 973 1497 1034 et

144 1093 308 1159 disiectas
331 1115 421 1176 esse,
444 1114 553 1178 neque
575 1096 688 1179 negari
708 1099 820 1178 postet
840 1089 998 1176 plurimos
1019 1087 1239 1170 Pompeianos
1261 1103 1335 1150 esso
1358 1082 1496 1161 occisos,

145 1206 390 1272 multitudinem
407 1215 516 1272 tamen
529 1215 731 1272 mortuorum
748 1215 984 1291 exaggeratam
996 1221 1071 1266 esse
1082 1199 1233 1264 arbitror.
1256 1195 1311 1261 Ad
1323 1195 1496 1262 hancsen-

145 1322 287 1384 tentiam
309 1341 415 1386 meam
439 1319 724 1385 demonstrandam
746 1319 842 1405 plura
863 1321 1016 1400 repetere
1038 1313 1116 1376 mihi
1138 1311 1246 1376 liceat.
1276 1299 1495 1372 Dubiumnon

146 1441 220 1512 est,
245 1436 323 1517 quin
346 1434 377 1498 ei
398 1427 608 1517 Pompeiani,
632 1435 689 1516 qui
709 1435 743 1497 in
765 1431 892 1518 proelio
915 1423 1050 1494 eaedem
1074 1426 1273 1510 effugerant,
1296 1443 1361 1492 non
1384 1441 1496 1485 omnes

144 1550 183 1610 in
213 1545 369 1631 oppidum
399 1543 555 1610 Mundam
585 1565 621 1610 se
652 1546 854 1630 receperint,
882 1542 942 1636 sed
970 1544 1004 1606 in
1035 1560 1147 1605 omncs
1176 1537 1357 1622 Hispaniae
1384 1541 1495 1620 partes

146 1659 302 1743 dissipati
323 1661 397 1725 sint.
430 1655 587 1742 Exempli
608 1658 714 1742 gratia
735 1655 901 1742 proferam
914 1653 973 1723 Cn.
992 1653 1182 1738 Pompeium
1203 1653 1320 1736 ipsum,
1344 1651 1400 1733 qui
1423 1669 1495 1712 cum

146 1773 264 1856 paucis
294 1770 457 1855 equitibus
479 1769 708 1854 nonnullisque
730 1768 897 1857 peditibus
920 1766 1084 1834 Carteiam
1118 1763 1285 1830 contendit
1318 1764 1401 1848 (cap.
1425 1762 1494 1843 32).

146 1886 188 1946 In
218 1884 344 1948 firmam
367 1882 554 1950 Cordubam
584 1904 650 1947 non
683 1881 788 1947 solum
811 1880 977 1946 Valerium
1007 1878 1250 1945 adolescentem
1278 1897 1351 1942 oum
1381 1876 1495 1961 paucis

148 1993 316 2079 equitibus
338 1995 464 2082 fugisse
488 1997 570 2081 (cap.
594 1994 664 2080 32),
688 1995 748 2061 sed
770 1995 910 2059 maiores
933 1996 1045 2078 copias
1068 1993 1177 2058 elucet
1204 2012 1248 2054 ex
1277 1989 1350 2054 loco
1379 1988 1495 2072 capitis

148 2108 209 2172 33:
253 2106 341 2187 ,Qui
375 2127 425 2171 ex
461 2106 662 2173 eaedeeo
697 2107 972 2194 refugerant,
1005 2114 1176 2192 pontem
1213 2101 1493 2188 occuparunt.

147 2221 419 2304 Porroincapite
431 2219 641 2304 341egimus=
665 2219 762 2298 ,Hoc
783 2241 870 2284 cum
890 2219 1287 2316 animadverterent
1306 2215 1494 2279 homines

147 2335 343 2419 fugitivi,
376 2333 575 2418 oppidum
605 2331 834 2398 incendere
865 2339 1111 2420 coeperunt.
1156 2331 1235 2411 Qui
1258 2328 1495 2414 superatis

148 2448 313 2510 nostris
335 2455 435 2510 sunt
456 2447 685 2512 interfecti
706 2447 908 2511 hominum
932 2445 1044 2510 milia
1061 2441 1492 2530 XXII‚praeterquam

150 2565 276 2622 extra
301 2579 460 2621 murum
488 2559 559 2640 qui
581 2559 829 2642 perieruut‘.
874 2558 956 2626 Cum
979 2567 1089 2624 autern
1112 2557 1288 2643 fugitivi
1310 2558 1333 2618 ii
1354 2563 1492 2631 tanturn,

150 2673 206 2753 qui
233 2691 350 2735 revera
379 2670 552 2756 fugerunt,
584 2672 742 2735 nominari
768 2673 915 2757 possint,
947 2691 1152 2755 consequens
1186 2677 1238 2734 est
1267 2671 1395 2733 circiter
1417 2665 1493 2730 XX

150 2783 237 2848 milia
266 2783 310 2848 ad
333 2782 521 2849 Cordubam
552 2803 596 2848 ex
627 2783 753 2870 proelio
784 2806 821 2850 sc
843 2787 1018 2870 recepisse.
1064 2783 1191 2865 Quodsi
1212 2782 1255 2848 ad
1278 2782 1360 2846 haec
1381 2776 1492 2844 XXII

149 2896 236 2960 milia
257 2895 408 2962 addimus
430 2895 516 2960 XIV
544 2895 634 2960 milia
662 2896 847 2982 hominum,
878 2900 936 2983 qui
965 2905 1155 2984 expugnata
1177 2896 1301 2960 Munda
1330 2893 1495 2992 interfecti

149 3015 224 3074 sunt
247 3011 335 3096 (cap.
357 3009 413 3093 41)
438 3017 471 3074 et
492 3009 566 3095 plus
584 3009 746 3076 XXXIII
768 3010 856 3088 milia
878 3011 1024 3092 militum,
1048 3013 1158 3096 quiin
1182 3031 1290 3096 pugna
1311 3011 1384 3094 ipsa
1405 3008 1493 3072 ccci-

149 3122 265 3188 derunt
287 3159 328 3170 —
350 3129 387 3187 ut
418 3143 530 3188 omncs
553 3122 636 3188 alios
666 3131 913 3208 praetereamus
936 3161 978 3170 -
1000 3125 1182 3188 invenimus
1204 3123 1397 3208 Pompeium
1419 3118 1493 3204 plus

149 3235 253 3300 LXX
272 3235 361 3299 milia
384 3243 496 3300 eontra
519 3234 696 3301 Caesarem
719 3235 949 3322 produxisse⁸¹

250 3347 466 3414 Conferamus
497 3356 595 3434 caput
617 3350 676 3430 30,
708 3347 764 3414 ubi
796 3356 937 3432 quantae
960 3351 1047 3414 vires
1081 3351 1166 3414 iuter
1197 3369 1234 3414 sc
1262 3349 1492 3435 pugnaverint,

150 3461 398 3530 demonstratur.
443 3461 566 3542 ,Erat
597 3463 716 3529 acies
748 3460 857 3527 XIII
887 3461 1046 3547 aquilis
1081 3465 1350 3542 constituta,
1383 3483 1492 3544 quae

149 3573 356 3639 lateribus
380 3576 572 3658 equitatu
594 3574 826 3662 tegebatur
848 3595 934 3639 cunr
957 3574 1043 3640 levi
1073 3583 1288 3640 armatura
1317 3573 1492 3640 milibus

149 3709 232 3768 sex,
255 3695 482 3771 praeterea
504 3687 742 3754 auxiliares
765 3665 1031 3754 accedebant
1053 3709 1185 3774 prope
1205 3689 1492 3754 alterumtan-

150 3808 244 3882 tum3
277 3807 424 3866 nostra
457 3800 677 3886 praesIdia
704 3799 869 3866 LXXX
900 3801 1156 3866 cohortibus
1187 3809 1228 3867 et
1255 3801 1292 3865 X
1319 3800 1491 3866 milibus

151 3914 342 3995 equitum.
389 3910 471 3977 Curn
500 3916 598 3998 igitur
627 3913 820 3980 incredibile
848 3916 891 3979 sit
914 3913 1091 3980 Caesarem
1112 3916 1144 3978 in
1168 3913 1226 3979 tali
1248 3925 1396 4000 tempore
1419 3935 1491 3977 eum

151 4032 220 4088 octo
250 4024 434 4110 legionibus
469 4018 582 4090 contra
613 4027 771 4092 tredecim
792 4047 941 4110 ,aeque
974 4027 1131 4112 plenas
1165 4028 1311 4112 legiones
1342 4047 1491 4113 pugnare

150 4159 258 4202 ausum
282 4158 355 4203 esse
379 4145 413 4203 et
434 4140 468 4202 in
489 4147 581 4204 tanta
602 4139 863 4206 adversariorum
886 4139 1077 4205 fortitudine
1095 4141 1265 4205 victoriam
1280 4140 1491 4225 deportasse3

151 4251 259 4316 deinde
289 4271 361 4315 oum
391 4259 505 4317 auctor
536 4261 663 4337 noster,
694 4256 751 4338 qui
780 4253 861 4316 nihiI
889 4257 1131 4338 praetermittit,
1154 4254 1243 4339 quod
1278 4253 1490 4318 difficultates

150 4366 299 4430 victoriae
321 4365 463 4450 ideoque
486 4366 623 4452 gloriam
646 4369 805 4433 victorum
828 4377 960 4454 augeat,
982 4369 1096 4434 hostes
1125 4370 1256 4455 quIdem
1285 4369 1357 4434 loco
1388 4388 1490 4453 supe-

247 4624 268 4692 ¹)
286 4627 434 4694 Drumann,
461 4626 626 4680 Gesehichte
643 4629 724 4680 Roma
742 4629 782 4680 111
800 4645 860 4696 pag.
880 4633 931 4684 638
957 4631 1026 4694 ,Auf
1046 4633 1094 4683 der
1112 4630 1211 4682 andern
1230 4630 1304 4682 Seite
1322 4632 1410 4682 zahtte
1427 4647 1488 4682 man

152 4735 195 4771 nur
215 4723 281 4772 1000
299 4721 390 4774 Tcrlte
409 4721 464 4772 und
484 4723 535 4774 500
549 4723 742 4790 Vorwundete,
762 4726 831 4777 doch
850 4728 887 4777 ist
906 4724 1105 4792 dieseAngabe
1123 4725 1193 4778 ohne
1210 4725 1319 4777 Zweifel
1337 4741 1371 4777 au
1389 4729 1488 4793 geriug.
