3446 5384
916 327 957 390 62

830 433 1036 442 ——-.-.--.

265 562 443 647 Pompeius
471 561 578 626 salute
598 560 752 648 Ateguae
786 560 963 648 desperata
993 560 1035 628 ad
1067 581 1158 628 mare
1192 584 1308 630 versus
1340 563 1520 651 proiectus
1561 575 1634 648 est,

266 673 421 760 oppidum
442 682 550 740 autem
573 676 607 738 in
628 673 781 739 Caesaris
803 674 1003 740 deditionem
1025 677 1127 742 veuit.
1172 675 1230 744 cfr.
1254 697 1327 762 cap.
1351 675 1490 744 16-19.

367 837 453 920 Res,
485 815 676 922 quaeinter
699 839 975 922 expugnationem
997 837 1150 925 Ateguae
1173 847 1207 904 et
1228 839 1443 906 Mundensem
1466 863 1635 930 pugnam

264 951 419 1032 incidunt,
443 951 604 1036 capitibus
627 951 776 1014 20-28
798 959 913 1015 auctor
935 959 1049 1016 noster
1070 956 1226 1017 memoria
1247 951 1368 1038 prodit.
1412 945 1523 1022 Haec'
1548 957 1636 1022 libri

263 1087 341 1150 pars
364 1063 512 1129 omnibus
534 1063 606 1128 aliis
628 1064 841 1148 scriptoribus
863 1084 924 1128 nos
954 1061 1180 1129 deficientibus
1210 1083 1250 1128 eo
1280 1063 1446 1132 difficilior
1475 1067 1523 1133 ad
1561 1090 1635 1134 ex-

262 1176 449 1263 plicandum
458 1183 519 1256 est,
531 1197 596 1260 quo
605 1177 796 1241 incertiores
809 1185 841 1241 et
853 1175 1030 1242 mutiliores
1040 1183 1115 1242 sunt
1128 1175 1248 1262 singuli
1259 1177 1333 1244 loci.
1357 1179 1547 1258 Quaeritur
1557 1184 1634 1267 igi-

264 1298 328 1371 tur,
344 1309 409 1373 quo
422 1287 589 1374 profectus
602 1287 645 1352 sit
661 1287 849 1372 Pompeius.
877 1285 933 1351 Ex
955 1290 1062 1374 capite
1074 1289 1137 1370 20,r
1159 1290 1226 1372 ‚ubi
1240 1293 1396 1376 scriptum
1410 1295 1635 1358 invenimus:

265 1400 400 1486 ‚Quod
423 1401 650 1486 Pompeius
674 1419 724 1464 ex
746 1399 940 1484 perfugis
964 1421 1050 1464 cum
1074 1399 1333 1469 deditionem
1356 1405 1502 1491 oppidi
1529 1407 1632 1471 fac-

263 1522 342 1579 tam
365 1534 460 1578 csse
489 1515 662 1595 scisset,
692 1523 838 1577 castra
859 1514 991 1577 movit
1012 1511 1191 1580 Ucubim
1213 1535 1367 1581 versus
1389 1524 1430 1582 ct
1451 1520 1629 1583 circum

265 1649 311 1693 ea
332 1627 426 1691 loca
449 1625 630 1691 castella
652 1624 895 1713 disposuit‘,
919 1634 1008 1691 certe
1031 1629 1191 1711 sequitur,
1213 1627 1439 1714 utPompeius
1461 1652 1503 1696 eo
1528 1641 1629 1696 tem-

263 1762 354 1826 pore,
379 1762 451 1805 cum
473 1740 606 1824 Ategua
626 1737 822 1821 traderetur,
845 1760 951 1823 neque
974 1737 1063 1823 apud
1086 1737 1229 1805 Ucubim
1250 1761 1358 1825 neque
1380 1742 1423 1807 ad
1445 1742 1626 1830 Ateguam

264 1856 382 1942 fuerit:
405 1851 496 1935 illud,
520 1851 608 1936 quod
620 1852 683 1916 hoc
695 1853 808 1916 nuntio
826 1849 956 1916 demum
978 1850 1079 1916 allato
1101 1849 1278 1918 Ucubim
1301 1861 1442 1919 castra
1464 1861 1626 1942 movit;

264 1967 337 2048 boc,
361 1964 449 2050 quod
473 1963 628 2051 oppidum
649 1965 682 2029 in
704 1963 886 2030 adversarii
907 1969 1106 2049 potestatem
1128 1967 1259 2031 venisse
1289 1987 1367 2031 non
1395 1969 1486 2052 ipse
1518 1991 1623 2034 serr-

264 2081 337 2160 sit,
366 2077 426 2142 sed
457 2099 477 2140 a
506 2076 702 2162 perfugis
733 2079 949 2162 comperit.
994 2075 1091 2142 Hunc
1120 2077 1270 2163 profecto
1299 2079 1462 2145 nonnullis
1492 2081 1622 2148 diebus

264 2201 341 2258 aute
363 2191 452 2256 urbis
474 2187 888 2278 deditionem—discessisse
911 2188 1137 2256 demonstrant
1159 2193 1256 2256 etiam
1278 2190 1379 2277 legati
1389 2192 1619 2280 Ateguenses,

265 2307 334 2390 qui
364 2327 406 2370 se
435 2303 613 2369 relictos
644 2312 684 2369 et
712 2301 909 2370 desertos
931 2325 952 2369 a
973 2303 1173 2389 Pompeio
1205 2312 1500 2388 assequerentur
1525 2282 1618 2393 (cap.

266 2419 358 2502 lla),
382 2409 416 2483 ct
437 2415 602 2484 Munatius
624 2415 775 2500 Flaccus,
799 2419 855 2502 qui
878 2417 1005 2502 etipse
1027 2438 1047 2482 a
1071 2415 1137 2484 On.
1168 2417 1367 2502 Pompeio
1397 2417 1616 2484 desertum

264 2553 306 2596 se
336 2552 429 2597 essa
458 2531 634 2598 contendat
664 2536 746 2618 (cap.
771 2529 863 2615 19,4).
908 2527 994 2609 Quin
1017 2532 1082 2594 imo
1105 2532 1212 2614 capite
1237 2531 1302 2611 lea
1326 2529 1505 2617 Pompeius
1530 2553 1616 2597 con-

264 2647 385 2710 tionem
408 2645 562 2710 habuisse
585 2645 706 2712 fertur:
730 2643 938 2728 ‚quoniam
961 2643 1115 2729 oppido
1138 2641 1328 2708 subsidio
1357 2667 1433 2709 uon
1462 2653 1615 2730 posset

265 2760 424 2835 venire,
446 2766 572 2822 noctu
595 2778 644 2822 ex
667 2756 1007 2822 adversariorum
1031 2747 1263 2842 conspectu
1284 2755 1613 2850 seydcducerent

263 2869 313 2934 ad
340 2892 448 2936 mare
477 2871 672 2938 versum‘.
701 2868 799 2940 ‚Cum
822 2879 932 2935 autem
954 2870 1033 2934 urbs
1056 2866 1182 2934 Ucubis
1205 2873 1357 2955 proxima
1378 2873 1422 2942 sit
1443 2869 1610 2954 Ateguae,

263 2987 322 3048 vix
344 2991 380 3048 ut
402 2983 496 3048 unius
519 2981 668 3047 dieititcr
689 2982 776 3048 absit
785 2983 821 3067 ¹).
844 2982 1038 3067 Pompeium
1056 2983 1163 3075 primo
1186 2982 1315 3068 longius
1337 3005 1357 3046 a
1381 2981 1526 3048 Caesare
1547 2983 1610 3046 ab·

263 3099 340 3178 isse,
361 3104 478 3180 postea
501 3093 542 3159 de
564 3094 716 3178 Ateguae
740 3093 906 3160 deditione
929 3095 1100 3158 certiorem
1115 3093 1246 3186 ‘factum
1269 3097 1553 3180 appropinquasse
1577 3106 1610 3162 et

264 3207 404 3273 Ucubim
426 3244 469 3256 -
491 3216 590 3272 antea
610 3209 820 3292 praeteritam
843 3243 885 3254 -
907 3207 1084 3271 munivisse
1107 3205 1312 3272 statuendum
1335 3215 1396 3274 est.
1440 3208 1545 3292 Atqui
1565 3209 1608 3272 ab

264 3323 351 3386 omni
372 3323 488 3385 rationi
510 3340 550 3384 ac
571 3319 637 3384 fide
659 3319 814 3386 abhorret
836 3321 922 3384 bunc
944 3318 1060 3384 ducem
1076 3339 1115 3383 eo
1128 3318 1287 3384 stultitiae
1300 3339 1373 3384 esse
1385 3339 1605 3405 progressum,

263 3441 300 3497 ut
321 3431 377 3496 diu
398 3441 522 3500 temere
545 3441 684 3519 vagatus
708 3431 874 3498 deditione
896 3431 1025 3498 demum
1048 3433 1197 3496 nuntiata
1218 3431 1307 3516 apud
1330 3431 1472 3496 Ucubim
1500 3435 1605 3496 muni-

263 3547 369 3611 tiones
390 3548 556 3630 inciperet
599 3545 701 3612 Immo
724 3565 814 3628 vcro,
838 3566 909 3610 cum
933 3545 975 3610 sit
996 3551 1147 3630 apertum
1170 3565 1243 3610 eum
1273 3543 1414 3610 saluts
1442 3544 1605 3630 Ategua

263 3655 495 3743 desperata
515 3658 557 3724 ab
579 3659 642 3723 hac
664 3657 745 3722 urbe
768 3657 971 3739 discessisse,
995 3655 1127 3722 dubium
1148 3675 1212 3722 non
1236 3665 1296 3738 est,
1320 3657 1398 3740 quin
1418 3656 1498 3722 nihil
1520 3661 1604 3722 anti·

264 3773 359 3854 quius
382 3763 533 3836 habuerit
556 3792 652 3856 quam
676 3777 713 3834 ut
734 3770 859 3855 reliqua
882 3767 1003 3854 oppida
1025 3771 1166 3834 muniret
1186 3775 1219 3834 et
1238 3775 1386 3833 tueretur
1403 3767 1603 3852 eaqueCac-

264 3884 330 3948 sari
362 3884 523 3967 proxima.
573 3883 690 3967 ltaque
721 3883 800 3946 mihi
827 3903 1021 3968 persuasum
1051 3891 1103 3948 est
1133 3882 1326 3966 Pompeium
1355 3881 1488 3968 Ategua
1515 3893 1600 3949 recto

263 3998 379 4061 itincre
412 3994 552 4060 Ucubim
582 3993 788 4060 contendisse
816 3995 928 4079 ibique
958 3993 1095 4064 castella
1131 3993 1341 4078 disposuisse.
1387 3994 1461 4074 Quo
1489 3995 1540 4074 lit,
1570 4005 1602 4060 ut

264 4107 376 4188 verba,
399 4129 484 4191 qnae
508 4108 582 4172 huic
604 4110 784 4174 sentcntiae
807 4110 970 4172 contraria
996 4110 1029 4171 in
1058 4115 1171 4173 nostro
1201 4105 1312 4170 libello
1343 4114 1494 4191 exstant,
1522 4107 1601 4172 falsa

264 4219 415 4287 iudicem.

264 4429 367 4438 »οη-...-

366 4541 447 4606 ¹)olr.
468 4555 525 4604 cap.
545 4543 593 4606 ⁷⁷³³
623 4541 775 4606 ,Pompeius
792 4543 886 4594 babuit
904 4545 992 4608 posita
1012 4545 1102 4592 castra
1120 4542 1146 4590 in
1165 4547 1312 4606 conspectu
1330 4547 1503 4606 utrorumque
1522 4547 1597 4608 oppi-

265 4633 377 4686 durum‘.
