3446 5384
927 339 969 408 46

277 583 351 648 tur‘.
396 579 462 663 36,2
485 579 595 662 ,Quod
617 577 740 648 Cacsar
762 601 834 646 cum
856 580 1131 648 animadverteret
1229 586 1266 644 ut
1287 579 1441 646 homines
1474 575 1632 662 perditi

277 694 507 760 incenderent‘.

380 922 560 1005 Postquam
581 921 680 1006 igitur
712 922 826 1005 paucis
856 922 1021 1006 attigimus
1051 921 1243 1004 scriptorem
1266 923 1338 1005 ipso
1366 919 1555 984 verborum
1578 942 1633 982 usu

279 1035 430 1101 Caesaris
453 1033 633 1097 studiosum
657 1005 771 1118 aperte
794 1051 830 1096 sc
852 1035 1069 1116 praestitisse,
1092 1053 1175 1096 nunc
1198 1032 1240 1096 ad
1262 1036 1401 1097 maiores
1427 1055 1487 1099 res
1512 1036 1632 1098 animos

278 1147 481 1212 intendamus
515 1156 548 1211 ct
582 1147 767 1230 suspicione
801 1143 942 1229 quadam
977 1150 1082 1210 totum
1115 1143 1260 1209 libellum
1294 1156 1560 1230 perscrutemur.
1603 1144 1633 1208 ln

278 1263 382 1347 primo
410 1260 535 1344 capite,
569 1279 634 1343 quo
668 1279 721 1322 res
752 1266 828 1322 ante
857 1255 1010 1322 Caesaris
1045 1256 1222 1322 adventum
1257 1261 1290 1321 in
1319 1257 1490 1343 Hispania
1522 1266 1632 1344 gestae

278 1375 391 1457 paucis
421 1372 532 1437 verbis
562 1380 750 1450 narrantur,
781 1369 880 1456 vulgo
910 1371 993 1435 haec
1020 1369 1206 1434 traduntur:
1240 1371 1488 1450 ,Pharnace
1514 1391 1632 1455 supe·

279 1483 427 1568 rat01),
458 1484 603 1548 Africa
633 1491 823 1569 recepta,
858 1485 924 1567 qui
958 1503 1008 1546 cx
1042 1483 1107 1546 bis
1141 1483 1328 1566 proeliis
1359 1503 1453 1547 cum
1488 1485 1630 1549 adole-

280 1595 459 1682 scente²)
483 1595 547 1663 Cn.
567 1598 769 1680 Pompeio
791 1596 1113 1682 profugissent,
1137 1617 1223 1659 curn
1246 1604 1286 1660 et
1307 1595 1550 1662 ulterioris
1568 1597 1629 1661 Hi-

280 1713 449 1796 spaniae
472 1713 635 1795 potitus
660 1718 776 1774 esset
794 1709 857 1776 ...‘
886 1705 960 1773 Etsi
983 1709 1068 1780 hunc
1090 1709 1196 1772 locum
1220 1709 1365 1772 mutilum
1391 1731 1469 1774 esse
1495 1719 1628 1788 constat,

279 1821 314 1887 id
343 1831 452 1886 tamen
486 1843 529 1886 ex
560 1823 612 1887 his
642 1823 752 1887 verbis
781 1821 1038 1907 intellegendum
1069 1841 1142 1885 esse
1169 1819 1315 1930 videtpr,
1350 1819 1410 1886 Cn.
1436 1821 1626 1908 Pompeium

281 1936 395 1999 Africa
417 1936 536 2000 amissa
558 1938 578 1998 i.
599 1955 627 2000 e.
651 1933 744 1998 clads
766 1941 903 2018 accepta
926 1953 997 1998 curn
1021 1933 1167 2017 reliquiis
1192 1937 1355 1998 exercitus
1377 1937 1412 1999 in
1435 1933 1626 2021 Hispaniam

281 2050 477 2135 confugisse.
512 2046 615 2136 xHaec
648 2049 810 2111 sententia
843 2046 941 2111 valde
973 2047 1182 2110 confirmatur
1211 2049 1270 2127 iis,
1304 2068 1389 2131 quae
1424 2051 1624 2126 insecuntun

280 2183 354 2226 nam
377 2161 493 2225 verba:
525 2163 581 2241 ,in
610 2159 738 2223 fidem
767 2161 1100 2244 uniuscuiusque
1130 2159 1324 2225 civitatis
1354 2164 1573 2246 confugit‘
1600 2171 1625 2223 ct

280 2280 339 2340 ita
362 2276 512 2360 partim
534 2274 732 2360 precibus
753 2327 760 2340 .
781 2325 788 2338 .
809 2325 816 2339 .
838 2326 845 2343 .
868 2275 972 2338 bene
995 2295 1141 2360 magna
1163 2261 1279 2338 manu
1302 2284 1551 2360 comparata
1570 2277 1624 2339 ...‘

281 2387 361 2452 nihil
383 2387 471 2452 alind
494 2387 718 2452 demonstrant
740 2388 802 2450 nIsi
823 2387 1017 2470 Pompeium
1040 2385 1219 2471 supplicem
1242 2387 1284 2450 ad
1306 2387 1479 2472 Hispanos
1503 2391 1622 2452 venisse

283 2508 317 2565 et
338 2500 441 2565 abiis
464 2500 647 2586 perfugium
671 2498 896 2584 auxiliumque
917 2501 1063 2584 petiisse.
1109 2497 1231 2564 Contra
1261 2521 1299 2564 ea
1327 2502 1359 2564 in
1381 2502 1506 2568 codem
1529 2503 1622 2586 capite

282 2613 420 2699 legimus
443 2614 634 2698 Pompeium
658 2634 724 2677 non
745 2612 850 2678 solum
873 2611 1045 2698 precibus,
1069 2611 1129 2676 sed
1152 2615 1248 2679 etiam
1266 2616 1306 2678 ¹vi
1328 2635 1484 2700 magnam
1506 2635 1619 2680 manum
1682 2592 1683 2665 l

283 2747 502 2812 comparasse,
525 2725 705 2790 latronibus
728 2725 854 2790 allectis
870 2726 980 2810 copias
998 2727 1031 2789 in
1050 2723 1119 2790 dies
1136 2728 1280 2807 auxisse,
1304 2727 1427 2812 oppida
1443 2729 1620 2794 adversaria

281 2840 315 2902 vi
338 2841 476 2925 cepisse,
498 2839 697 2922 provinciam
720 2845 881 2919 vastasse,
903 2837 1059 2903 ulteriore
1071 2837 1232 2923 Hispania
1253 2841 1392 2923 potitum
1418 2861 1505 2907 esse.
1536 2838 1618 2904 Certe

281 2953 423 3015 maxime
445 2952 561 3016 mirum
586 2959 647 3029 est,
671 2949 810 3014 eundem
824 2950 1017 3035 Pompeium
1036 2949 1152 3014 eodem
1168 2959 1385 3034 temperares
1400 2962 1469 3018 tam
1486 2953 1614 3016 diversas
1682 3004 1683 3009 ,

282 3066 436 3150 gessisse.
467 3063 549 3128 Mihi
572 3062 703 3148 quidem
726 3061 917 3128 incredibile
941 3083 1015 3128 esse
1038 3062 1178 3144 videtur,
1201 3061 1317 3128 dircem
1341 3065 1372 3128 in
1396 3064 1500 3130 fidem
1521 3064 1611 3127 unias-

250 3263 254 3269 *
283 3179 442 3261 cuiusque
464 3179 606 3243 civitatis
629 3187 795 3258 receptum
819 3176 957 3241 eundem
980 3178 1181 3261 provinciam
1202 3186 1362 3260 vastasse,
1385 3186 1491 3246 totam
1515 3187 1606 3244 terram
1682 3252 1683 3259 ἵ

283 3289 465 3376 subegisse.

386 3451 525 3517 Ceteros
554 3463 722 3534 auctores,
758 3457 816 3538 qui
843 3454 968 3539 aliquid
1000 3455 1042 3519 de
1072 3455 1134 3518 hac
1165 3477 1202 3520 re
1232 3459 1387 3540 scripturn
1418 3455 1615 3540 reliquerunt,

285 3563 419 3629 consilio
442 3563 664 3632 adhibeamus
702 3567 764 3630 Dio
787 3565 921 3632 Cassius
942 3569 976 3630 in
998 3565 1082 3631 libro
1105 3564 1224 3630 XLIII
1247 3589 1273 3632 c.
1294 3569 1334 3632 29
1358 3577 1391 3632 et
1405 3569 1448 3634 30
1472 3563 1615 3652 copiosis-

284 3683 365 3745 sime
394 3689 521 3744 narrat:
555 3679 738 3767 Hispanos,
767 3683 823 3765 qui
845 3702 866 3744 a
888 3677 1039 3745 Caesaris
1062 3679 1171 3764 legato
1195 3680 1234 3759 Q.
1259 3679 1374 3745 Cassio
1397 3679 1547 3765 Longino
1568 3673 1616 3736 de·

284 3794 425 3858 fecerint
452 3815 560 3878 neque
589 3797 772 3860 successori
796 3796 865 3859 eins
888 3791 925 3859 C.
948 3793 1114 3858 Trebonio
1143 3791 1242 3856 fidem
1265 3813 1395 3879 semper
1416 3787 1616 3857 servaverint,

285 3904 414 3991 legatos
439 3904 481 3969 ad
504 3903 655 3971 Caesaris
678 3906 886 3972 adversarios
908 3909 941 3970 in
958 3907 1105 3971 Africam
1128 3908 1266 3988 misisse,
1290 3915 1327 3970 ut
1349 3927 1406 3971 eos
1429 3906 1491 3971 sibi
1514 3901 1617 3966 adinn-

286 4025 412 4103 gcrent.
446 4019 563 4102 Itaque
587 4017 646 4087 Cn.
661 4019 850 4104 Pompeium
874 4019 984 4084 statim
1006 4019 1138 4104 quidem
1160 4039 1244 4082 anno
1262 4019 1303 4080 47
1329 4054 1367 4064 —
1392 4027 1468 4082 ante
1490 4027 1617 4100 pugnam

285 4111 373 4215 apud
395 4129 564 4215 Thapsum
587 4135 841 4196 commissam—
858 4130 974 4196 AfrIca
994 4129 1110 4195 relicta
1132 4129 1164 4194 in
1186 4127 1379 4216 Hispaniam
1400 4150 1513 4196 versus
1534 4122 1616 4189 navi-

286 4261 393 4326 gasse,
416 4243 476 4308 scd
492 4247 525 4308 in
538 4243 652 4308 insulis
665 4243 858 4310 Balearibus
876 4243 990 4309 morbo
1010 4243 1177 4308 detentum
1197 4263 1278 4308 esse.
1309 4241 1438 4308 Interea
1455 4241 1615 4306 Caesarem

287 4424 1614 4456 *M

390 4565 412 4634 ¹)
430 4563 496 4617 Cod.
514 4565 591 4618 Lcid.
608 4565 747 4632 ,Scipione
765 4563 913 4630 supcrntc‘3
933 4563 998 4618 Cod.
1018 4564 1133 4618 Vindob.
1151 4565 1298 4628 ,Pharnace
1317 4581 1382 4631 rege
1400 4555 1539 4630 superato‘.

391 4661 412 4734 ¹)
430 4660 497 4720 Cod,
514 4660 600 4712 Paris.
619 4669 674 4714 se‘c.
691 4661 908 4726 ,adolescentes‘;
927 4659 993 4712 Cod.
1012 4659 1127 4717 VIndob.
1146 4660 1387 4728 ,adulescentuler‘.
1505 4665 1509 4670 '
