3446 5384
787 359 828 426 47

705 469 910 480 ——ss-

125 606 165 668 in
188 602 305 668 Africa
327 599 471 666 seeundo
495 597 603 664 Marte
626 600 813 664 conflixisse
843 607 877 662 et
899 597 987 683 apud
1009 597 1176 684 Thapsum
1199 621 1349 686 magnam
1371 601 1479 666 victo·

126 721 214 781 riam
246 715 287 780 de
315 715 465 781 hostibus
488 722 683 800 reportasse.
727 712 802 792 Qua
830 714 967 779 victoria
988 713 1135 777 nuntiata
1156 711 1330 797 Hispanos
1345 716 1479 793 veritos,

128 851 172 894 ne
191 830 283 914 prius
303 830 563 912 opprimerentur
582 849 675 906 quam
690 827 867 910 Pompeius
879 825 1059 906 adveniret,
1082 847 1155 890 sum
1174 848 1238 890 uon
1255 835 1478 912 exspectasse,

128 942 211 1022 sed,
240 949 276 1004 ut
307 962 343 1006 se
367 939 599 1018 defenderent,
629 939 669 1002 T.
694 938 756 1018 Qu.
782 937 955 1022 Scapulam
988 947 1021 1002 et
1044 938 1084 1018 Q.
1108 940 1272 1024 Aponium
1296 941 1357 1006 sibi
1380 963 1479 1027 prae·
1567 1001 1576 1021 ,

126 1056 263 1120 fecisse.
311 1053 411 1118 Simul
433 1027 541 1116 autem
564 1053 741 1136 Pompeius
765 1050 807 1113 ad
829 1049 1022 1135 Hispaniam
1046 1052 1221 1137 appulerit,
1246 1075 1318 1117 eum
1342 1055 1383 1118 ab
1407 1077 1479 1120 om-

126 1169 229 1232 nibus
258 1167 329 1232 fere
356 1166 528 1252 probitatis
551 1173 650 1248 atque
673 1167 803 1228 virtutis
826 1166 928 1248 patris
950 1165 1148 1228 memoribus
1170 1165 1480 1232 benevolentissime

126 1291 301 1366 receptum
331 1301 370 1344 ac
400 1279 515 1344 ducem
546 1278 746 1342 declaratum
771 1298 853 1342 csse.
899 1275 1053 1360 Undique
1076 1277 1223 1342 homines
1243 1278 1285 1341 ad
1305 1282 1374 1343 rius
1390 1301 1480 1344 arma

132 1395 353 1474 concurrisse,
381 1403 499 1478 postea
521 1392 676 1476 reliquias
701 1395 769 1456 eius
791 1393 933 1476 partium
957 1412 999 1455 ex
1022 1390 1136 1454 Africa
1158 1395 1354 1473 accessisse,
1378 1401 1413 1456 ut
1436 1392 1477 1472 Q.

130 1506 257 1572 Pedius
280 1515 313 1571 et
336 1506 375 1586 Q.
399 1506 522 1570 Fabius
545 1505 720 1587 Maximus,
745 1503 897 1569 Caesaris
916 1503 1029 1590 legati,
1052 1507 1117 1567 vim
1141 1507 1210 1570 eius
1233 1508 1394 1571 sustinere
1415 1527 1480 1570 non

130 1621 309 1704 potuerint.
1198 1627 1201 1636 ’

219 1783 312 1862 Quae
342 1783 469 1868 singula
499 1785 595 1847 etiam
625 1783 666 1846 ab
697 1782 768 1846 aliis
795 1782 1008 1866 scriptoribus
1039 1781 1259 1848 demonstrata
1281 1784 1478 1868 reperimus:
1510 1781 1515 1790 ⁸

129 1906 247 1963 auctor
276 1897 405 1980 quidem
435 1896 514 1960 belli
537 1897 683 1960 Africani
712 1898 745 1957 in
775 1897 882 1979 capite
906 1893 948 1958 23
968 1895 1087 1959 refert:
1125 1893 1186 1975 ,Ita
1216 1895 1300 1978 male
1327 1917 1362 1961 re
1385 1905 1479 1982 gesta

128 2009 189 2096 (ad
202 2010 375 2090 Ascurum)
399 2007 455 2073 On.
469 2010 646 2094 Pompeius
668 2009 754 2072 lilius
777 2029 880 2072 naves
901 2007 977 2072 inde
1000 2008 1120 2070 avertit
1142 2027 1250 2090 neque
1271 2016 1388 2092 postea
1402 2008 1478 2073 litus

129 2125 240 2208 attigit
263 2122 466 2206 classemque
489 2122 531 2185 ad
554 2122 675 2186 insulas
689 2121 844 2185 Baleares
861 2142 976 2185 versus
994 2119 1163 2204 confugit!
1186 2112 1353 2204 Hispanos
1370 2130 1478 2186 autem

130 2237 175 2300 ad
196 2237 392 2320 Pompeium
413 2237 570 2299 transisse
593 2242 732 2319 apparet
755 2255 798 2296 ex
821 2236 860 2297 iis
883 2233 1003 2312 verbis,
1028 2253 1113 2316 quae
1136 2231 1333 2296 Plutarchus
1356 2237 1389 2296 in
1411 2237 1480 2299 vita

134 2348 268 2413 Catonis
299 2369 371 2432 cap.
394 2347 434 2411 59
465 2351 551 2412 hunc
581 2348 707 2432 pr'celio
739 2345 826 2431 apud
857 2345 1024 2430 Thapsum
1045 2343 1147 2408 iacto
1178 2345 1339 2411 dicentem
1369 2347 1478 2433 fingit:
1521 2343 1523 2350 ’

136 2457 292 2544 ,Ἰβηρίας
314 2483 349 2525 aa
371 2453 454 2549 πρός
477 2454 657 2546 Πομπήιον
681 2448 878 2546 ἀφεστώσης
899 2453 953 2524 τὸν
977 2453 1055 2524 νέον.
1090 2458 1212 2524 Confer
1225 2459 1262 2527 B.
1274 2461 1372 2526 Alex.
1386 2485 1413 2529 o.
1427 2464 1478 2526 64.
1540 2528 1541 2532 ,

134 2571 297 2650 Quantum
328 2595 408 2636 vero
438 2573 526 2658 apud
548 2573 715 2658 Hispanos
745 2581 838 2657 grata
866 2573 1023 2636 memoria
1046 2575 1149 2655 patris
1170 2571 1307 2658 Pompei
1328 2575 1479 2656 valuerit,

130 2693 272 2749 testatur
283 2685 431 2750 Velleius
446 2687 640 2751 Paterculus
659 2685 731 2768 Ilpa
755 2685 910 2768 ,undique
932 2683 975 2746 ad
999 2705 1071 2748 eum
1095 2685 1194 2768 (adol.
1218 2687 1349 2771 Pomp.)
1373 2687 1480 2752 adhuc

131 2801 259 2882 paterni
286 2801 425 2864 nominis
448 2799 704 2884 magnitudinem
729 2801 935 2882 sequentium
969 2819 1011 2862 ex
1039 2807 1110 2862 toto
1134 2799 1213 2864 orbe
1235 2807 1395 2864 terrarum
1418 2823 1478 2865 au-

132 2911 223 2976 xiliis
247 2909 503 2977 confluentibus‘.

232 3084 285 3150 Ita
305 3055 455 3151 uidemus
476 3087 616 3150 Dionem
645 3082 795 3152 Cassium
818 3085 967 3168 aliosque
990 3087 1167 3170 scriptores
1191 3088 1274 3148 inter
1296 3107 1334 3150 se
1357 3088 1477 3171 optime

129 3201 329 3278 consentire,
362 3207 398 3264 ut
426 3181 505 3266 vera
534 3201 575 3266 ab
597 3203 637 3265 iis
660 3199 791 3286 prodita
814 3219 888 3264 esse
912 3199 996 3274 ,mihi
1026 3217 1218 3284 persuasum
1241 3200 1300 3280 sit,
1331 3207 1477 3272 nostrum

130 3321 237 3378 autem
265 3322 433 3378 auctorem
463 3323 497 3378 et
525 3315 635 3380 multis
666 3316 794 3379 omissis
825 3321 858 3376 et
880 3311 989 3374 multis
1012 3310 1107 3375 aliter
1130 3313 1291 3395 expositis
1314 3311 1412 3396 longe
1436 3312 1478 3376 ah

130 3424 196 3488 illis
213 3425 400 3490 abhorrere.
424 3425 599 3505 Quaeritur
610 3429 719 3510 igitur,
743 3434 848 3489 utrum
865 3445 917 3488 res
933 3425 1131 3508 ignoraverit
1146 3431 1292 3488 annecte
1311 3424 1478 3508 explicare

128 3537 280 3605 noluerit.
324 3537 422 3617 Quod
454 3541 526 3624 ipse
560 3541 679 3626 pugnis
710 3542 742 3602 in
771 3537 932 3623 Hispania
965 3536 1061 3602 factis
1091 3537 1256 3616 interfuit,
1291 3535 1366 3600 inde
1399 3539 1478 3600 satis

128 3652 337 3734 perspicuum
361 3658 411 3714 est
432 3658 600 3716 auctorem
622 3651 750 3716 illarum
772 3671 880 3716 rerum
904 3671 970 3714 non
993 3650 1096 3715 fuisse
1119 3652 1276 3736 ignarum.
1322 3649 1398 3714 Huc
1421 3671 1479 3713 ac-

129 3762 235 3841 cedit,
265 3771 301 3828 ut
330 3766 470 3849 scriptor
494 3761 578 3850 (cap.
603 3763 657 3850 33)
687 3763 863 3849 Scapulam
886 3765 987 3826 totius
1010 3762 1179 3828 seditionis
1202 3772 1300 3848 caput
1323 3765 1478 3845 nominet,

128 3897 202 3940 cum
224 3884 322 3940 antea
349 3876 430 3942 nihil
460 3875 501 3941 de
528 3877 596 3940 ulla
625 3877 794 3942 seditione·
810 3879 1128 3956 commemoraverit,
1158 3879 1191 3940 in
1223 3878 1329 3962 capite
1354 3876 1372 3938 7
1399 3867 1478 3960 plus

126 3988 212 4052 duas
235 3987 382 4073 legiones
405 4010 425 4052 a
448 3986 612 4054 Trebonio
636 3989 799 4056 defecisse
821 3998 950 4068 narret,
974 3991 1134 4074 inprime
1158 3989 1352 4052 confiteatur
1375 3989 1478 4052 Pom-

125 4103 238 4186 peium
260 4101 416 4166 ulteriore
439 4095 599 4186 Hispania
620 4105 760 4188 potitum
784 4122 874 4184 esse,
904 4101 1076 4166 nonnullas
1100 4104 1252 4166 civitates
1276 4121 1335 4164 sua
1352 4107 1476 4184 ‘sponte

127 4213 253 4278 auxiha
282 4215 427 4306 misisse,
457 4216 490 4277 in
520 4217 628 4300 capite
655 4216 722 4295 tta
751 4213 875 4279 Caesar
902 4212 1178 4299 Hispaniensibus
1210 4213 1330 4277 obiciat
1359 4223 1478 4294 ,vestro

127 4325 270 4411 impulsu
291 4327 469 4412 Pompeius
498 4329 700 4412 provinciam
723 4326 965 4412 depopulavit‘3
996 4327 1114 4410 quihus
1145 4347 1187 4390 ex
1211 4309 1367 4390 omnibus
1398 4325 1478 4389 locis

129 4437 227 4503 facile
250 4439 554 4524 comprehendimus
584 4433 771 4529 auctorem,
794 4447 831 4502 ut
852 4460 906 4504 res
929 4461 966 4503 se
989 4439 1198 4518 habuissent,
1221 4441 1294 4502 non‘
1311 4435 1477 4522 effugisse.

128 4549 203 4614 Etsi
225 4559 333 4616 autem
356 4561 481 4617 tantum
505 4553 610 4633 abest,
634 4561 670 4616 ut
684 4555 874 4634 scriptorem
899 4571 938 4614 eo
961 4553 1043 4634 ipso,
1068 4550 1156 4634 quod
1180 4571 1245 4616 non
1268 4538 1478 4617 haecomnia

127 4663 284 4746 attulerit,
308 4664 461 4730 Caesaris
485 4666 637 4754 cupidum
667 4687 704 4730 se
727 4663 1066 4764 praebuisscdicam,
1098 4672 1135 4728 ut
1156 4662 1310 4732 nonnulla
1334 4685 1375 4728 ex
1399 4661 1473 4732 bre·
