3446 5384
791 411 831 477 65

709 521 913 529 —auu—-n-k-a

129 643 249 710 Ucubi
271 646 412 712 decessit
432 657 533 730 atque
556 649 652 712 etiarn
674 669 811 733 parvum
833 649 1043 734 praesidium,
1072 658 1109 713 ut
1138 649 1250 716 urbem
1281 652 1482 737 incenderet,

131 759 324 842 relinquere
346 781 446 825 ausus
469 769 528 827 est.
573 761 700 840 Quibus
724 783 767 826 ex
790 762 940 827 omnibus
962 762 1060 827 rebus
1083 765 1163 827 satis
1197 773 1248 830 est
1274 767 1482 850 perspicuum

132 871 254 936 ducem
276 872 443 959 pugnandi
466 872 618 958 cupidum
639 875 759 937 nonin
782 882 961 959 conspectu
983 874 1138 952 hostium,
1162 875 1354 962 sodalique
1376 883 1483 964 spatio

130 986 309 1050 interiecto
337 985 458 1051 flumen
485 994 726 1072 transgressum
756 1007 829 1052 esse
858 1007 965 1070 neque
989 986 1127 1078 Ucubim
1154 990 1258 1073 ipsam
1294 1012 1483 1076 occupasse,

131 1097 198 1162 sed
220 1097 294 1162 aliis
315 1097 459 1162 castellis
482 1097 709 1184 oppugnandis
732 1099 923 1183 Pompeium
940 1119 983 1162 ex
1001 1098 1102 1163 firmis
1118 1102 1351 1168 munitionibus
1365 1103 1483 1170 elicere

131 1208 312 1276 studuisse.
346 1209 413 1276 Cur
434 1219 543 1276 autem
566 1210 689 1277 Caesar
710 1232 731 1276 a
752 1213 856 1298 primo
880 1233 939 1276 suo
963 1213 1099 1278 consilio
1112 1212 1286 1296 destiterit,
1309 1216 1397 1281 nulla
1419 1219 1484 1282 alia

133 1345 238 1388 causa
273 1332 324 1388 est
362 1345 459 1408 quam
500 1325 589 1410 quud
629 1328 662 1388 in
697 1325 761 1390 illis
789 1325 888 1392 rebus
918 1329 1122 1412 propositum
1150 1331 1306 1411 consequi
1334 1339 1483 1395 autnon

132 1440 246 1522 putuit
267 1447 409 1502 autnon
431 1459 530 1503 ausus
554 1446 614 1506 est.

240 1549 339 1635 Apud
361 1558 509 1615 nostrum
530 1553 630 1637 igitur
652 1559 819 1618 auctorem
836 1573 902 1616 nou
924 1551 1062 1637 legimus
1075 1551 1249 1618 Caesarem
1270 1554 1311 1619 ab
1324 1553 1483 1635 hostibus,

133 1666 307 1748 quominus
324 1663 445 1728 flumen
461 1667 623 1746 transiret,
644 1666 842 1750 prohibitum
857 1673 964 1731 castra
975 1669 1127 1741 movisse,
1151 1676 1185 1731 at
1197 1665 1298 1730 multa
1309 1677 1419 1732 narrat
1441 1669 1483 1732 de

134 1776 290 1843 secundis
301 1798 432 1842 suorum
445 1771 686 1858 certaminibus,
710 1779 751 1844 de
763 1781 887 1865 magnis
900 1779 1065 1858 caedibus,
1089 1779 1130 1845 dc
1144 1801 1268 1845 summa
1282 1781 1484 1866 singulorum

135 1895 260 1958 virtute
281 1913 321 1956 ac
342 1891 542 1958 fortitudine.
588 1891 741 1959 Ceterum
771 1893 833 1958 hae
861 1891 978 1958 laudes
1000 1893 1078 1957 mihi
1101 1873 1166 1958 fide
1196 1915 1260 1957 non
1290 1896 1336 1957 ita
1365 1894 1484 1983 dignae

137 2027 213 2071 esse
235 2004 396 2070 videntur.
427 2003 512 2070 Nam
534 2004 636 2070 duos
660 2008 865 2071 centuriones
887 1993 1007 2072 flumen
1030 2015 1237 2092 trangressus
1260 2009 1362 2070 aciem
1384 2011 1484 2072 resti-

136 2122 241 2184 tuisse
271 2126 305 2184 et
334 2119 461 2201 equites
491 2126 580 2184 trans
610 2116 739 2184 Salsum
772 2119 885 2184 hostes
915 2117 957 2182 ad
991 2118 1112 2182 vallum
1148 2123 1256 2205 egisse
1289 2124 1484 2204 intraque

137 2230 355 2316 praesidia
377 2231 504 2296 illorum
529 2231 662 2298 caedem
685 2233 795 2296 facere
819 2230 984 2296 studuisse
1008 2229 1091 2316 (cap,
1114 2233 1169 2312 93)
1195 2241 1261 2297 tam
1292 2233 1483 2297 incredibile

137 2353 205 2427 cst,
234 2352 271 2409 ut
300 2344 342 2409 de
370 2353 441 2409 tota
471 2345 691 2432 explicatione
720 2347 862 2410 maxime
893 2343 1048 2409 dubitem.
1094 2341 1130 2410 Si
1164 2367 1243 2410 veru
1277 2349 1417 2432 scriptor
1451 2348 1484 2408 in

138 2460 246 2543 capite
269 2459 311 2522 24
335 2466 552 2524 extr.·narrat
574 2460 793 2544 Pompeianos
815 2457 992 2522 interitioni
1014 2455 1152 2521 duorum
1170 2459 1402 2541 centurionum,
1427 2461 1484 2540 qui

136 2570 243 2655 pridie
265 2571 430 2636 interfecti
453 2579 561 2652 erant,
585 2570 679 2636 clade
702 2569 789 2656 apud
813 2569 959 2636 Soricam
981 2577 1118 2654 occepta
1141 2571 1271 2648 litasse,
1295 2581 1385 2635 certo
1409 2573 1480 2656 ipse

137 2683 310 2748 confitetur
333 2682 549 2766 Caesarianos
573 2683 678 2768 pridie
701 2683 801 2762 nihil,
825 2682 913 2768 quod
936 2689 1076 2746 mortem
1098 2682 1236 2748 duorum
1259 2663 1482 2748 centurionum

138 2806 373 2883 compensaret,
396 2798 555 2866 effecisse.
600 2797 663 2862 His
692 2797 734 2862 de
764 2798 872 2862 causis
902 2805 1070 2862 auctorem
1100 2819 1154 2860 res
1177 2795 1311 2860 ‘Caesari
1339 2800 1483 2879 ingratas
1518 2841 1530 2864 ι

136 2933 232 2995 quam
255 2913 397 2976 maxime
421 2913 569 2978 omisisse
593 2919 627 2976 ct
647 2911 797 2975 lacunam
820 2909 1082 2990 splendidissima
1114 2913 1255 2974 inanium
1284 2931 1392 2974 rerum
1422 2909 1483 2973 dc-

136 3026 312 3109 scriptione
326 3025 446 3090 velare
469 3023 635 3090 studuisse
658 3022 830 3093 contende.

195 3256 199 3260 ’
237 3250 276 3316 In
306 3255 413 3339 capite
442 3253 597 3318 vicesimo
627 3261 725 3318 sexto
753 3251 908 3337 legimus:
944 3249 1049 3331 ,Hoc
1078 3250 1143 3315 die
1166 3249 1206 3314 A.
1231 3247 1418 3313 Baebius
1442 3258 1483 3313 et

140 3365 174 3430 O.
203 3355 373 3432 Flavius
403 3375 443 3431 et
470 3366 512 3431 A.
542 3351 809 3450 Trebellius,
844 3369 1013 3450 equites
1043 3363 1219 3428 Romani
1251 3362 1478 3444 Astenses,

138 3487 311 3564 argento
340 3498 469 3564 prope
502 3479 609 3542 tecti
643 3481 763 3562 equis
797 3460 846 3543 a'd
876 3477 1100 3544 Caesarem
1135 3477 1478 3562 transfugerunt;

138 3593 205 3674 qui
227 3593 527 3655 nuntiaverunt
550 3591 718 3674 equites
740 3589 948 3656 Romanos
971 3595 1389 3672 coniurasscomnes,
1408 3592 1481 3673 qui

137 3705 533 3789 incastrisPompei
556 3713 710 3788 essent,
733 3713 776 3768 ut
798 3683 1097 3770 transitionem
1120 3704 1339 3786 facereut3
1363 3706 1480 3786 servi

138 3819 296 3884 indicio
314 3839 450 3884 omnes
472 3820 513 3881 in
535 3816 773 3882 custodiam
796 3821 1134 3898 essecuniectos,
1152 3838 1170 3882 e
1191 3817 1344 3901 quibus
1360 3837 1480 3910 occa-

139 3935 254 3997 sione
284 3939 407 4016 capta
430 3952 472 3996 se
493 3931 817 4017 transfugisset
862 3929 960 4011 Quod
982 3937 1093 3998 autem
1116 3931 1149 3994 in
1172 3945 1280 4013 pugna
1301 3926 1478 3990 Mundensi

139 4047 264 4129 equites
285 4043 426 4109 Romani
452 4043 495 4109 ad
523 4047 586 4109 tria
607 4045 696 4108 milia
717 4057 761 4110 err
784 4045 994 4129 Pompeianis
1017 4043 1177 4108 cecidisse
1199 4041 1371 4105 narrantur
1393 4041 1477 4124 (cap.

138 4159 197 4239 31),
219 4157 295 4224 inde
318 4158 397 4222 satis
419 4165 557 4243 apparet
577 4178 643 4222 non
667 4177 806 4222 ornnes
830 4159 862 4220 in
877 4154 1059 4222 custodiam
1072 4153 1336 4220 esseconiectus.
1361 4149 1478 4234 Neque

140 4275 263 4336 omnino
302 4271 439 4357 cogitari
477 4277 589 4355 potest
617 4290 759 4335 omnes
790 4271 918 4353 equites
947 4268 1129 4344 Romanos,
1158 4284 1297 4349 quorum
1330 4263 1479 4349 plerique

140 4406 258 4450 summa
280 4384 469 4466 fidensque
491 4382 589 4448 adid
610 4391 740 4468 tempus
763 4383 901 4467 Pompei
923 4381 1061 4446 studiosi
1082 4379 1240 4460 tuissent,
1263 4376 1480 4460 simulatque

109 4559 115 4572 ,
140 4517 198 4560 una
219 4495 305 4561 hunc
327 4496 513 4578 relinquere
534 4497 568 4558 in
589 4495 696 4560 animo
718 4495 883 4562 habuisse.
912 4493 1042 4578 Nempe
1055 4513 1115 4576 pru
1128 4489 1292 4556 adiectivo
1317 4511 1480 4570 ‚omnesc

141 4618 364 4693 exspectamus
409 4607 640 4688 ,nonnulli‘
684 4610 755 4674 sive
801 4607 1091 4692 ,complures‘.
1143 4603 1320 4682 Quaeritur
1361 4612 1480 4682 autem,

140 4729 238 4786 utrum
261 4723 452 4809 transfugae
476 4721 591 4786 falsum
614 4723 759 4785 nuntium
782 4721 951 4786 attulerint
972 4741 1013 4783 an
1028 4724 1143 4782 auctor
1158 4735 1271 4779 verum
1284 4719 1476 4800 corruperit.

1295 4843 1310 4876 Ο
