3446 5384
944 330 985 396 52

859 437 1064 447 ——--—.

288 565 405 636 ἑαυτοῦ
426 559 514 634 πάνυ
534 565 689 656 θαρσεῖν,
717 555 959 654 οδκέξεπλάγη
981 563 1068 656 πρός
1096 561 1153 654 την
1175 558 1290 652 άφιξιν
1312 557 1431 646 αὐτοῦ,
1461 555 1553 632 άλλᾶ
1586 561 1640 628 καί

289 668 491 768 προσήδρευε
511 678 551 766 τῇ
566 671 665 745 πόλει
681 675 738 743 καί
751 670 811 754 τάς
827 671 1016 766 προσβολάς
1036 671 1164 762 ὁμοίως
1179 672 1292 768 ὥσπερ
1308 675 1365 746 καί
1387 675 1466 768 πρίν
1479 675 1640 744 ἐποιεῖτο.

288 785 385 860 teir
408 794 541 881 Καῖσαρ
562 788 629 857 ἐκεῖ
656 787 714 874 μὲν
737 781 867 878 ὀλίγους
889 781 1094 882 στρατιώτας
1121 787 1244 857 ἐκτῶν
1265 788 1519 881 πρσαφιμμένων
1544 787 1641 855 κατέ-

286 909 397 986 λιπεν,
420 897 517 980 αὐτὸς
539 902 575 970 δέ
596 900 654 970 ἐπὶ
679 891 878 991 Κόρδοοβαν
900 896 1051 991 ὥρμησε,
1079 896 1119 970 τδ
1140 900 1199 986 μέν
1227 927 1260 969 τι
1283 901 1337 969 καί
1361 891 1514 991 αἱρήσειν
1541 895 1641 988 αὐτὴν

286 1016 323 1086 ἐκ
344 1015 529 1108 προδοσίας
550 1012 710 1094 ἐλπίσας,
741 1007 780 1082 τά
802 1013 838 1082 δὲ
861 1008 902 1102 δὴ
924 1015 1078 1084 πλεῖστον
1099 1005 1241 1098 α’πάξειν
1263 1010 1332 1086 άπδ
1353 1016 1410 1103 τῆς
1431 1007 1565 1088 Οὐλίας
1589 1006 1640 1080 τάν

286 1121 469 1218 Πομπήιον
490 1130 538 1216 aql
558 1127 637 1217 περὶ
659 1123 759 1216 αὐτῆς
781 1119 879 1216 φόβῳ
901 1120 1137 1218 προςδοκήσας.
1173 1127 1228 1194 καλ
1250 1119 1342 1211 έσχεν
1364 1121 1483 1202 οὕτως·
1514 1125 1559 1193 τό
1586 1123 1640 1208 μὲν

284 1240 345 1334 γάρ
367 1247 498 1333 πρῶτον
519 1239 619 1332 μέρος
645 1265 678 1308 τι
707 1241 763 1308 τοῦ
784 1241 926 1331 στρατοῦ
954 1235 1039 1310 κατά
1067 1233 1176 1332 χώραν
1198 1231 1301 1322 ἐάσας
1324 1233 1361 1320 ἐς
1390 1264 1424 1308 τε
1452 1233 1508 1329 τὴν
1534 1231 1638 1326 Κόρ-

287 1359 409 1440 aaaron
430 1347 527 1445 ἦλθε,
548 1354 605 1420 καὶ
627 1347 863 1444 κρατυνάμενος
885 1347 993 1442 αὐτὴν,
1016 1353 1075 1438 οὐχ
1091 1346 1331 1439 ὑπομείναντος
1353 1377 1444 1444 σφας
1465 1352 1525 1418 τοῦ
1548 1347 1639 1416 Καί-

286 1491 396 1560 σαρος,
417 1453 465 1555 τῷ
487 1463 627 1557 ἀδελφῷ
648 1468 694 1552 τῷ
705 1463 813 1551 Σέξτῳ
828 1464 1044 1558 προσέταξεν·
1068 1457 1188 1536 ἐπειτα
1209 1466 1246 1535 δέ
1268 1459 1314 1549 οἷς
1336 1459 1409 1537 οάτε
1431 1490 1463 1532 τι
1484 1458 1580 1554 πρὸς
1603 1463 1638 1549 τῇ

285 1575 392 1670 Οὐλία
420 1579 607 1674 ἐπέραινεν,
638 1573 722 1648 atto}
752 1581 808 1646 καὶ
837 1571 963 1670 πύργου
992 1574 1096 1664 τινός,
1125 1580 1182 1648 καὶ
1212 1574 1330 1649 τούτου
1357 1573 1415 1664 οὐχ
1443 1571 1511 1646 int
1542 1577 1637 1664 σφτῐν

284 1695 569 1778 κατασεισθέντος,
584 1685 654 1764 ἀλλ’
668 1685 741 1782 μλπό
755 1694 814 1760 τοῦ
828 1687 979 1782 πλήθους
990 1695 1054 1762 τῶν
1072 1692 1132 1763 ἀπ’
1146 1689 1247 1764 αὐτοῦ
1263 1693 1471 1780 άμυνσμένιυν
1480 1714 1638 1774 καταμα-

283 1807 404 1898 μέντος,
426 1806 651 1896 ἐσῆλθονὶμέν
671 1825 769 1892 τινες,
792 1799 831 1874 οὐ
850 1799 914 1895 μην
937 1804 993 1872 καὶ
1015 1808 1122 1882 καλοῖς
1144 1801 1353 1897 talitano,
1375 1805 1431 1871 καλ
1454 1795 1472 1869 ὁ
1497 1808 1634 1890 Καῖσαρ

284 1910 474 2008 πλησιάσας
504 1917 622 2008 σφίσιν
651 1917 789 1998 ἐκείνοις
823 1945 858 1988 τε
885 1912 1050 2008 βοήθειαν
1081 1913 1194 1994 νυκτδς
1227 1918 1344 1986 λαθών
1373 1915 1550 2006 ἐσέπεμψε
1580 1913 1633 1980 καί

284 2025 383 2108 αὐτὸς
405 2026 491 2121 πρός
512 2055 547 2100 τε
568 2026 834 2123 τῆνΚδρδουβαν
856 2023 958 2107 αὖθις
972 2024 1165 2123 ἐστράτευσε
1188 2031 1242 2098 καλ
1265 2029 1300 2107 ἐς
1317 2029 1509 2121 πολιορκίαν
1535 2022 1633 2116 αὐτην

283 2139 567 2232 ἀντικατέστησεν,
590 2139 673 2212 οὕτω
702 2140 743 2234 δη
771 2147 829 2234 τῆς
856 2171 892 2214 τε
914 2143 1035 2226 Οὐλίας
1056 2146 1228 2220 παντελῶς
1249 2136 1418 2233 άπανέστη
1446 2143 1501 2209 καί
1530 2140 1633 2210 ἐκεῖσε

283 2257 384 2326 παντὶ
406 2259 455 2326 rol
477 2259 609 2346 στρατῷ
631 2250 668 2327 οδ
689 2247 797 2346 μάτην
818 2257 979 2350 ἠπείχθη.

385 2398 455 2464 Res
477 2401 525 2466 ita
545 2397 670 2465 relatae
685 2401 860 2465 maximam
882 2408 1008 2485 partem
1030 2401 1151 2466 rationi
1166 2401 1342 2466 convenire
1365 2405 1399 2464 et
1420 2397 1486 2464 fide
1509 2399 1628 2484 dignae

285 2533 359 2578 esse
382 2513 544 2578 videntur.
589 2513 702 2578 Primo
732 2515 816 2578 enim
846 2533 969 2599 paucos
992 2521 1117 2578 tantum
1140 2511 1237 2579 Uliae
1259 2516 1389 2580 venisse
1423 2515 1549 2580 auxilio
1588 2534 1626 2576 ex

283 2629 333 2706 iis,
357 2645 441 2709 quae
465 2647 564 2711 supra
594 2625 637 2691 de
660 2625 813 2692 Caesaris
834 2627 958 2691 viribus
982 2626 1294 2716 demonstravimus,
1317 2626 1415 2691 facile
1438 2627 1625 2711 intellegam

283 2737 458 2804 Gaesarem
481 2742 587 2824 ipsum
611 2761 650 2804 eo
666 2739 874 2807 contendisse
897 2738 1059 2821 enidius,
1095 2741 1152 2824 qui
1173 2741 1245 2824 ipse
1268 2738 1416 2804 omnibus
1440 2740 1623 2825 expeditio-

280 2851 376 2916 nibus
400 2859 434 2916 et
454 2850 589 2936 proeliis
611 2855 769 2916 intererat
797 2873 835 2916 aa
857 2861 1025 2937 praeerat,
1057 2852 1293 2918 consuetudine
1314 2851 1412 2936 plane
1436 2872 1620 2938 cognoscas.

281 2963 399 3048 Neque
422 2983 498 3049 spes
521 2963 649 3029 hostem
672 2967 744 3050 ipso
762 2962 914 3028 Caesaris
936 2962 1080 3028 adventu
1102 2964 1145 3030 ab
1169 2965 1415 3050 oppugnatione
1436 2963 1616 3029 deterritum

281 3078 319 3140 iri
342 3074 556 3142 offensionem
585 3077 702 3154 habet,
735 3076 824 3160 quod
855 3076 942 3140 idem
964 3076 1143 3160 Pompeius
1172 3077 1261 3142 fama
1292 3075 1332 3141 de
1361 3075 1449 3141 illius
1483 3076 1613 3142 adventu

280 3188 408 3273 perlata
436 3189 623 3256 ulteriorem
652 3189 844 3275 Hispaniam
873 3189 1045 3273 reliquisse
1074 3188 1213 3254 traditur
1224 3188 1267 3274 ¹);
1304 3209 1389 3275 quae
1418 3192 1558 3254 narratio
1582 3207 1614 3248 re

280 3302 353 3385 ipsa
375 3301 599 3383 confirmatur,
628 3302 721 3386 'quod
750 3302 929 3387 Pompeius
959 3322 1024 3366 non
1053 3303 1087 3365 in
1115 3301 1272 3368 ulteriore
1294 3301 1474 3388 Hispania,
1506 3301 1564 3366 sed
1590 3301 1617 3361 in

190 3412 193 3418 ’
279 3411 415 3477 Baetica
431 3411 566 3477 Caesari
588 3417 716 3478 restitit.
762 3412 949 3495 Caesarem,
973 3435 1045 3478 eum
1067 3414 1130 3478 hae
1151 3435 1211 3499 spe
1235 3422 1323 3478 esset
1345 3413 1449 3479 falsus
1472 3422 1506 3481 et
1528 3433 1619 3500 prae-

279 3523 362 3587 sidia
384 3523 646 3588 adversariorum
668 3545 793 3590 summa
815 3524 1011 3591 difficultate
1032 3529 1200 3612 perrumpi
1222 3547 1322 3611 posse
1338 3525 1618 3592 animadvertisset

279 3641 366 3714 (nem
389 3635 517 3700 occulte
539 3645 665 3701 tantum
696 3640 846 3722 contigit,
876 3646 913 3703 ut
942 3639 1057 3723 copiae
1078 3640 1112 3701 in
1136 3637 1251 3702 urbem
1273 3639 1529 3724 reciperentur),
1553 3657 1618 3703 oum

278 3755 348 3811 toto
366 3751 525 3829 exercitu,
548 3750 673 3813 interea
688 3750 855 3834 expedito,
879 3750 922 3816 ad
934 3749 1131 3832 Cordubam,
1154 3734 1190 3814 ut
1212 3751 1341 3815 hostem
1363 3751 1405 3816 ab
1418 3749 1495 3816 Ulia
1518 3751 1619 3816 dedu·

280 3865 380 3940 aeret,
410 3860 619 3926 contendisse
660 3861 758 3927 valde
787 3851 963 3928 verisimile
995 3862 1177 3946 eodemque
1207 3863 1343 3927 oonsilio
1373 3863 1459 3948 (cap.
1491 3865 1509 3926 6
1540 3859 1618 3946 init.)

277 3970 480 4056 probandum
504 3983 564 4043 est.
610 3974 668 4040 On.
680 3977 873 4061 Pompeium
896 3983 1004 4040 autem
1028 3974 1179 4040 hostibus
1200 3973 1243 4038 ad
1256 3973 1441 4040 Cordubam
1465 3977 1618 4062 profectis

278 4082 406 4149 demum
436 4086 525 4151 illam
555 4087 668 4153 urbem
690 4090 869 4154 munivisse
900 4097 933 4154 et
954 4089 1048 4153 fratri
1077 4109 1137 4154 suo
1160 4087 1265 4154 Sexto
1288 4087 1528 4154 defendendam
1553 4098 1618 4153 tra-

380 4353 401 4422 ¹)
420 4355 469 4408 cir.
493 4354 554 4410 Dio.
580 4355 657 4408 Oass.
678 4357 805 4424 XVIII,⁸¹
831 4353 896 4422 ,ἐπεὶ
919 4354 946 4410 δὲ
969 4368 1019 4412 τῶν
1040 4377 1067 4412 τε
1090 4357 1303 4434 πμοπεμηδέντονν
1326 4357 1389 4418 τινές
1414 4357 1441 4412 ἐκ
1462 4369 1506 4436 τῆς
1521 4359 1616 4433 Ῥώμης

275 4441 391 4519 ἀφίκοντο
410 4443 451 4500 καὶ
469 4446 643 4526 προσεδοκήθη
662 4445 703 4502 καὶ
722 4449 735 4502 δ
756 4451 851 4524 Καῖσαρ
868 4447 947 4525 ἥξειν,
965 4451 1085 4529 φοβηθείς
1104 4450 1116 4506 d
1136 4453 1274 4532 Πομπήιος,
1292 4453 1333 4509 καὶ
1351 4453 1450 4528 νομίσας
1473 4432 1521 4529 mlx
1539 4451 1615 4510 ἱκανὸς

275 4538 436 4594 struendam
459 4540 504 4620 τὴν
522 4541 630 4618 Ἰβηρίαν
648 4552 793 4618 κατασχεῖν,
818 4543 863 4598 οὐκ
887 4543 996 4622 ἀνέμεινε
1020 4546 1124 4608 πταίσας
1146 4569 1173 4624 ηε
1194 4561 1359 4626 μεταγνῶναι,
1383 4549 1437 4604 ἀλλ’
1461 4549 1544 4616 εὐθύς,
1561 4545 1613 4624 πρὶν

273 4633 422 4714 πιιμαδΐηναι
439 4649 488 4689 τῶν
507 4635 631 4704 ἐναντίων,
650 4638 675 4697 ἐς
692 4637 737 4717 την
754 4638 870 4718 Βαιτικὴν
888 4638 1053 4718 ἀνεχώρησεν.
1086 4665 1088 4672 ν
