3446 5384
922 411 964 474 56

839 517 1044 529 ..-.--—-

271 647 445 731 aquilas
467 628 1275 732 etsignababuittredeoimlegionuun
1298 645 1371 712 sed
1394 651 1626 732 exquibus

270 757 435 844 aliquid
456 759 716 824 firmamenti
738 763 782 824 ds
805 758 1087 823 existimabat
1108 757 1283 840 babere,
1311 757 1416 826 duae
1438 762 1627 829 fuerunt

269 873 519 955 vernaculae,
542 891 642 956 qnae
665 871 897 937 aTrebonio
919 873 1228 959 transfugerant3
1250 893 1325 938 una
1345 873 1452 940 facta
1474 897 1521 942 ex
1547 899 1626 942 co-

269 988 415 1067 loniis,
439 1005 541 1070 quae
561 984 738 1050 fuerunt
763 986 803 1050 in
825 985 889 1050 his
911 985 1177 1072 regionibus3
1199 992 1352 1069 quarta
1373 987 1460 1052 fuit
1481 987 1627 1054 Afra-

268 1101 401 1165 niana
434 1119 487 1164 ex
518 1097 697 1182 Africa,
730 1119 854 1184 quam
886 1095 1329 1165 secum'adduxerat.
1390 1098 1627 1185 Reliquae

271 1213 564 1298 exsugitivis
597 1259 756 1281 ......
787 1211 1390 1280 auxiliaresconsistebant.
1434 1213 1540 1279 Nam
1569 1214 1627 1280 de

271 1325 363 1389 levi
385 1332 610 1390 armatura
634 1333 676 1391 et
693 1326 902 1408 equitatu
925 1324 1055 1411 longe
1078 1333 1121 1390 et
1141 1327 1466 1392 nnmeronoetri
1488 1338 1628 1394 erant

270 1438 541 1522 superiores‘.
586 1437 685 1518 Quod
713 1440 813 1524 igitur
841 1438 924 1504 haec
951 1439 1024 1522 ipsa
1051 1436 1141 1502 illum
1181 1440 1398 1504 narrationem
1436 1441 1625 1526 excipiunt,

271 1558 360 1616 certe
383 1553 523 1615 omnium
546 1551 672 1616 animos
694 1552 851 1636 cogitatio
874 1550 962 1618 subit
983 1552 1187 1636 Pompeium,
1212 1553 1360 1635 quamuis
1373 1553 1499 1640 magnis
1511 1555 1626 1638 copiis

269 1670 456 1750 praeesset,
485 1670 596 1727 tamen
624 1663 830 1730 firmamento
857 1664 879 1732 i.
904 1685 932 1730 e.
962 1662 1156 1729 fortitudine
1179 1671 1280 1748 atquo
1300 1663 1425 1728 viribus
1448 1667 1625 1730 exercitus

270 1775 412 1842 diffisum
441 1797 514 1840 cum
542 1775 740 1842 adversariis
771 1777 948 1863 confligere
977 1785 1035 1842 aut
1056 1776 1129 1842 urbi
1151 1775 1296 1843 subsidio
1318 1779 1432 1842 venire
1452 1798 1518 1842 non
1541 1798 1626 1843 esse

269 1910 393 1954 ausum.
437 1887 533 1954 Haec
568 1891 712 1975 suspicio
739 1889 887 1954 firmatur
914 1898 1015 1974 atque
1046 1897 1187 1977 augetur
1214 1891 1270 1973 iis,
1299 1911 1384 1974 quae
1417 1892 1623 1956 insecuntur.

269 2003 354 2069 Num
387 2004 496 2087 capite
531 2011 649 2067 octavo
686 2004 930 2068 accuratissime
963 2005 1160 2089 exponitur,
1194 2001 1299 2087 qualis
1336 2002 1437 2068 fuerit
1470 2007 1624 2090 regionis

270 2125 396 2196 natura,
420 2121 629 2199 quantaeque
651 2115 715 2180 loci
738 2114 950 2182 difficultates
973 2114 1110 2182 Caesari
1131 2115 1336 2204 superandae
1358 2116 1490 2186 fuerint.
1532 2117 1622 2184 Cum

274 2237 383 2295 autem
405 2229 478 2294 fieri
499 2228 614 2306 soleat,
635 2237 672 2294 ut
694 2228 784 2314 quod
807 2231 879 2295 unis
901 2230 1052 2315 partibus
1073 2228 1247 2296 adversum
1270 2237 1331 2309 est,
1352 2228 1438 2296 idem
1450 2231 1563 2296 alteris
1576 2234 1624 2298 sit

272 2343 468 2422 secundum,
496 2351 642 2407 naturam
664 2341 729 2408 loci
750 2343 909 2428 Pompeio
931 2363 996 2408 non
1018 2343 1123 2409 solum
1145 2364 1210 2408 non
1234 2342 1414 2424 difficilem,
1437 2344 1496 2410 sed
1518 2348 1622 2411 etiam

269 2457 501 2540 aequissimam
522 2455 626 2520 fuisse
649 2449 858 2520 statuendum
881 2463 940 2522 est.
974 2453 1100 2536 Quodsi
1114 2456 1301 2540 Pompeius,
1324 2477 1519 2541 quamquam
1542 2457 1620 2524 loeo

271 2576 342 2633 erat
362 2566 464 2632 multo
487 2568 645 2652 superior,
667 2587 781 2631 manus
804 2568 977 2633 conserere
999 2589 1065 2632 non
1087 2589 1185 2633 ausus
1209 2574 1270 2650 est,
1290 2567 1370 2632 nihil
1391 2567 1481 2633 aliud
1509 2589 1619 2635 exco-

270 2682 368 2767 gitari
396 2687 524 2766 potest,
553 2701 651 2764 quam
680 2679 769 2764 quod
793 2681 955 2746 minimam
978 2679 1020 2746 de
1043 2681 1111 2746 suis
1134 2681 1236 2767 copiis
1258 2681 1441 2766 opinionem
1464 2681 1621 2749 habebat.

269 2798 343 2862 Hac
364 2804 473 2863 autem
496 2794 668 2860 cunctandi
691 2815 807 2878 causa,
838 2816 934 2879 quam
964 2817 1008 2862 ox
1029 2794 1140 2861 libello
1162 2816 1258 2860 unam
1282 2796 1412 2860 haurire
1433 2817 1619 2880 possumus,

269 2911 541 2996 Pompeianorum
555 2909 664 2973 famae
678 2909 821 2972 maximo
837 2907 1026 2988 obtrectari,
1048 2909 1186 2992 quisset
1200 2907 1254 2991 qui
1266 2907 1389 2993 neget?
1412 2907 1614 2992 Scriptorem

269 3025 420 3110 prolecto
449 3022 483 3087 id
512 3021 693 3101 studuisse,
732 3029 769 3121 ut
801 3023 943 3106 pessime
976 3021 1018 3086 de
1050 3022 1189 3106 Pompei
1223 3022 1372 3086 exercitu
1404 3020 1614 3103 iudicaretur,

270 3137 440 3203 evidenter
467 3138 676 3222 perspicuum
706 3142 758 3200 ost
786 3155 829 3200 ex
859 3136 966 3220 capite
995 3155 1098 3214 nono,
1137 3134 1193 3199 ubi
1228 3133 1367 3199 traditur
1394 3135 1613 3220 Pompeianos

270 3260 377 3316 castra
398 3251 626 3330 Postumiana,
657 3270 742 3333 quae
776 3256 869 3312 erant
890 3256 979 3313 trans
1003 3247 1148 3331 Salsum,
1176 3269 1367 3335 aggressos,
1396 3249 1457 3314 sed
1477 3248 1609 3313 tribus

269 3363 512 3450 legionibus
535 3361 731 3428 Caesaris
754 3362 1198 3448 appropinquantibus
1229 3361 1330 3448 fuga
1356 3364 1610 3447 perterritus

269 3476 422 3542 multos
446 3497 541 3542 esse
563 3475 828 3542 interfectos.

372 3589 554 3673 Postquam
576 3588 676 3674 igitur
697 3597 865 3653 auctorem
887 3587 929 3651 ab
952 3586 1149 3652 adversariis
1163 3607 1257 3652 omne
1268 3587 1505 3654 firmamentum
1517 3589 1614 3654 abiu-

269 3701 381 3768 dicare
403 3700 560 3780 vidimus,
590 3701 685 3767 nobis
714 3708 767 3766 est
796 3700 1035 3784 quaerendum,
1065 3709 1171 3765 utrum
1200 3700 1256 3766 ille
1283 3723 1397 3768 ascum
1425 3723 1467 3766 an
1495 3705 1615 3768 inicum

269 3817 387 3882 lecerit
407 3813 572 3882 iudicium.
616 3814 684 3879 Alii
705 3815 894 3898 scriptores,
917 3815 980 3878 etsi
1001 3813 1121 3878 multos
1144 3812 1290 3880 homines
1311 3801 1403 3880 leves
1418 3817 1614 3903 etindignos

268 3933 300 3995 in
313 3931 452 4016 Pompei
474 3930 654 3993 exercitum
676 3929 850 4012 irrepsisse
873 3926 1065 4007 concedunt,
1088 3925 1192 3991 multo
1213 3935 1322 3994 amen
1344 3928 1460 3994 melius
1481 3929 1524 3994 de
1543 3931 1615 3996 eius

268 4045 393 4108 viribus
414 4041 567 4109 iudicant.
600 4040 817 4126 Appianus
840 4039 971 4124 quidem
993 4041 1168 4104 maximam
1191 4060 1301 4106 aarum
1324 4043 1508 4126 opinionem
1519 4041 1615 4107 nobis

269 4158 454 4222 commovet
476 4155 623 4220 scribens
645 4153 721 4221 bell.
746 4155 808 4217 civ.
831 4152 936 4232 Πρω,
969 4151 1043 4216 Τῶν
1073 4173 1108 4218 re
1129 4145 1189 4241 γσὶρ
1211 4145 1365 4244 ἀρίστων,
1392 4147 1464 4222 ὅσοι
1492 4155 1613 4222 διεπε-

269 4259 426 4357 φεύγεσαν
460 4264 497 4332 ἐκ
519 4268 648 4353 Λιβύης
677 4261 743 4330 ἐκεῖ
776 4261 984 4350 συνέδραμον.
1032 4261 1102 4330 Καί
1134 4258 1282 4356 στρατὸς,
1314 4259 1334 4330 ὁ
1361 4265 1420 4350 μὲν
1448 4263 1485 4350 ἐξ
1513 4249 1614 4355 συνῆς

269 4378 397 4468 Λιβύης
423 4407 458 4449 σε
485 4378 540 4446 καί
564 4369 740 4469 Φαρσάλου
769 4382 836 4452 τοῖς
867 4367 1004 4462 ἡγεμόσι
1033 4377 1212 4464 συνῆλθεν,
1245 4369 1334 4460 ὅδὲ,
1356 4376 1392 4462 ἐξ
1414 4367 1550 4468 Ἰβήρων
1579 4407 1613 4449 τε

268 4493 324 4560 καί
349 4481 567 4582 Κελτιβήρων,
588 4489 709 4566 ἔθνους
739 4483 880 4574 ἀλκίμου
907 4489 964 4559 καί
994 4489 1166 4580 χαίροντος
1187 4484 1241 4559 οἷοί
1269 4486 1402 4578 μοίχαις.
1447 4489 1546 4569 wolde
1575 4492 1611 4562 δὲ

266 4605 324 4674 καὶ
347 4595 471 4674 δούλων
493 4598 605 4688 ὅμιλος
626 4592 836 4692 ἐστρατεύετο
858 4603 904 4688 τοί
926 4603 1099 4692 Πομπηΐῳ
1122 4603 1178 4672 καὶ
1200 4603 1354 4696 τέταρτον
1376 4601 1448 4682 ἔτος
1468 4599 1556 4688 εἶχον
1578 4605 1612 4673 ἐν
1699 4681 1700 4690 ρ

266 4725 336 4799 τοῖς
356 4716 558 4808 γυμνασίοις,
581 4716 635 4783 καί
658 4706 787 4805 γνοίμην
806 4713 935 4800 ἕτοιμον
950 4710 1185 4806 ἀγωνίσασθαι
1200 4714 1284 4803 μετα
1299 4709 1519 4807 ἀπογνώσεως
1521 4767 1609 4785 .....
