3446 5384
840 405 882 470 14

758 513 964 522 ...ῃ-.-

188 645 300 730 ibique
329 643 465 709 castello
494 643 739 708 constituisset‘.
785 643 826 722 'lp
859 641 1046 726 ,Pompeius
1060 693 1067 709 .
1083 687 1113 707 ..
1136 649 1227 708 uene
1255 641 1377 709 flumen
1399 642 1529 711 Salsum

129 735 131 742 Α
188 780 248 844 per
276 755 441 823 convalles
472 763 580 822 castra
609 757 694 820 inter
724 751 789 818 duo
816 753 939 840 oppida
959 753 1122 835 Ateguam
1145 762 1179 822 et
1201 754 1342 821 Ucubim
1364 758 1397 822 in
1419 765 1530 824 monte

189 873 377 949 constituit‘,
412 890 472 955 pro
496 871 621 945 ‚itinere
643 889 704 953 per
726 867 893 934 convalles
914 867 1025 934 iacto‘.
1051 867 1093 948 'lp
1115 867 1222 950 ,Haec
1243 867 1317 934 loca
1338 877 1415 934 sunt
1436 891 1530 935 mon-

187 993 283 1049 tuosa
315 992 349 1048 ct
370 995 487 1046 natura
518 980 605 1045 edita
627 979 669 1045 ad
703 1001 772 1046 rem
794 979 978 1046 militarem‘
1013 1001 1072 1066 pro
1102 978 1203 1061 ,edita
1235 979 1378 1067 ideoque
1412 982 1531 1047 idonea

187 1095 320 1163 adrem
342 1095 514 1162 militarem
536 1094 612 1180 (cfr.
635 1114 705 1178 cap.
728 1091 799 1179 8,1).
831 1094 874 1175 9,1
898 1092 1194 1174 ,animadvertebat
1215 1093 1279 1160 loci
1302 1094 1529 1163 difficultatem

188 1219 231 1290 at,
253 1211 331 1295 qnia
344 1207 475 1274 flumine
488 1205 583 1274 Salso
604 1203 895 1289 intercludebatur,
917 1227 982 1271 non
1001 1221 1075 1272 esse
1088 1208 1331 1274 commissurum
1344 1207 1530 1288 Caesarem,

188 1334 243 1392 ut.
261 1375 292 1391 ..
315 1323 382 1404 ,ubi
404 1321 589 1387 desideras:
609 1318 906 1404 ,animadvertebat
917 1370 925 1388 .
938 1368 968 1387 ..
992 1328 1025 1387 et
1042 1319 1182 1405 putabat
1200 1324 1279 1405 qnia
1299 1321 1451 1388 flumine.
1466 1326 1531 1389 ...⁶

188 1436 270 1502 Cum
303 1436 366 1501 hoc
397 1435 471 1501 loco
504 1431 758 1520 comparandum
804 1441 857 1499 cst
898 1434 942 1516 2,r
978 1434 1030 1517 ,Q.
1065 1434 1204 1501 Pedium
1248 1444 1282 1502 et
1316 1435 1357 1516 Q.
1391 1435 1531 1503 Fabium

135 1611 146 1628 ,
187 1550 368 1614 Maximum
392 1547 433 1614 de
456 1568 515 1614 suo
537 1546 682 1612 adventu
703 1545 785 1612 facit
806 1549 963 1615 certiores
986 1554 1088 1632 utque
1099 1547 1162 1612 sibi
1180 1549 1346 1635 equitatus
1359 1599 1367 1617 .
1381 1597 1409 1616 ..
1431 1571 1531 1635 prae-

188 1662 271 1730 sidio
294 1663 403 1730 esset‘.
425 1643 426 1648 ἵ
450 1659 533 1726 Nam
556 1660 715 1726 malumus
737 1639 867 1746 legere:
888 1661 980 1742 ,facit
1001 1661 1158 1727 certiores
1181 1668 1216 1728 ct
1236 1663 1377 1748 imperat
1400 1667 1531 1730 ut....‘

188 1780 247 1863 9,s,
291 1783 325 1843 et
368 1796 441 1840 curn
484 1773 526 1840 ad
571 1795 629 1840 eos
672 1777 985 1860 appropinquasset,
1021 1775 1104 1862 fuga
1131 1778 1294 1856 perterriti
1323 1775 1416 1841 multi
1455 1785 1531 1842 sunt

187 1891 379 1974 interfecti,
420 1889 474 1954 hic
513 1889 592 1954 nihil
623 1887 719 1974 alind
756 1887 958 1972 significatur
987 1907 1049 1973 per
1083 1887 1264 1954 ablativum
1296 1889 1398 1974 ,fuga‘
1432 1910 1530 1974 quarn

188 2004 405 2090 ,adversarios
432 2001 544 2086 fugam
572 2004 721 2086 cepisset
775 2001 840 2082 13,s
870 1999 1043 2085 ,simulque
1072 1999 1204 2067 ballista
1231 2003 1331 2067 missa
1362 2025 1383 2068 a
1410 1983 1547 2068 nostris¹

187 2126 309 2184 turrem
342 2113 473 2181 deiecit‘
502 2134 563 2200 pro
596 2111 708 2196 ,telum
739 2109 871 2177 ballista
903 2115 1055 2182 missum‘.
1111 2114 1178 2196 42st
1213 2115 1413 2202 ,vectigalia,
1445 2137 1530 2202 quae

187 2225 343 2295 Metellus
378 2229 603 2313 imposuisset,
637 2247 658 2290 a
695 2232 812 2292 senatu
838 2227 973 2312 petisse‘
1007 2247 1068 2312 pro
1112 2249 1143 2311 ,a
1181 2236 1298 2294 senatu
1327 2238 1364 2293 ut
1392 2228 1531 2316 Hispani
1572 2251 1575 2258 ·

187 2341 447 2429 vectigalibus..
468 2339 704 2407 liberarentur‘.
728 2376 768 2387 -
790 2338 884 2404 Haec
905 2340 1074 2406 hactenus.
1113 2339 1182 2406 Iam
1204 2345 1285 2408 satis
1308 2345 1423 2425 exiis,
1446 2364 1532 2427 quae

188 2453 341 2535 diximus,
363 2452 571 2520 manifestum
595 2461 656 2535 est,
678 2460 847 2518 auctorem
869 2460 1016 2518 nostrum
1038 2475 1103 2518 non
1124 2454 1229 2520 solum
1254 2476 1294 2521 ea
1311 2456 1423 2536 verba,
1446 2476 1532 2539 quae

187 2571 219 2633 in
242 2566 391 2634 omnibus
412 2565 504 2631 libris
527 2585 758 2649 nonnunquam
781 2563 914 2647 desunt,
944 2567 1068 2632 maiore
1096 2567 1230 2634 licentia
1259 2571 1531 2654 praetermisisse,

186 2679 248 2746 sed
270 2681 378 2764 etiam,
402 2687 437 2746 ut
460 2686 531 2744 erat
553 2676 643 2742 rudis
657 2685 691 2743 et
708 2678 890 2750 litterarum
902 2699 1017 2765 parum
1035 2683 1171 2765 peritus,
1193 2702 1294 2769 saepe
1313 2685 1346 2745 in
1359 2681 1530 2747 obscuram

186 2791 316 2857 dicendi
340 2792 535 2858 brevitatem
567 2792 732 2859 incidisse.
783 2792 859 2859 Iure
895 2792 986 2860 dicas
1027 2813 1113 2872 eum,
1147 2816 1220 2860 cunr
1256 2798 1374 2880 partim
1410 2815 1530 2880 super·-

185 2927 332 2972 vacanea
352 2906 536 2992 receperit,
559 2909 677 2992 partim
700 2908 1003 2974 necessaria'nimis
1026 2908 1229 2972 contraxerit
1251 2906 1305 2973 vel
1326 2907 1423 2992 plane
1446 2907 1530 2972 omi-

187 3023 278 3104 serit,
300 3028 425 3084 rcctum
447 3021 603 3085 orationis
626 3018 754 3084 modum
777 3019 1031 3106 haudquaquam
1052 3040 1214 3087 servasse.

288 3136 470 3218 Postquam
497 3131 617 3198 autem'
636 3134 823 3200 universnm
857 3133 987 3200 dicendi
1021 3155 1143 3221 genus,
1176 3155 1241 3220 quo
1273 3141 1402 3200 auctor*
1419 3135 1531 3216 utitur,

187 3247 295 3314 adhuc
316 3246 604 3329 consideravimus,
627 3267 712 3312 nunc
725 3249 957 3333 proprietates,
980 3268 1062 3333 quas
1083 3246 1170 3314 idem
1192 3251 1225 3312 in
1239 3247 1440 3334 singulorum
1452 3268 1531 3314 ver-

186 3362 302 3429 borum
323 3383 385 3427 usu
407 3368 441 3428 et
463 3361 705 3426 constructione
728 3360 875 3445 exhibet,
898 3368 1042 3427 tractare
1063 3360 1159 3428 nobis
1172 3363 1396 3430 estinanimo.
1418 3360 1531 3445 Atque

187 3477 324 3562 primum
354 3471 670 3540 commemorandum
702 3479 753 3539 est
779 3476 814 3538 in
835 3474 899 3540 hoc
920 3473 1033 3542 libello
1056 3495 1158 3560 saepe
1180 3494 1284 3560 genus
1307 3480 1341 3538 et
1363 3494 1530 3539 numerum

188 3587 369 3676 praedicati
391 3607 456 3652 non
479 3585 521 3650 ad
543 3589 748 3671 scriptum,
770 3586 831 3652 sed
853 3589 1068 3674 cogitatum
1089 3587 1270 3654 subiectum
1293 3593 1451 3672 spectare.
1495 3585 1533 3653 Si

188 3703 274 3768 enim
298 3702 363 3782 14,s
386 3703 542 3786 scriptum
565 3699 720 3785 legimus:
748 3697 839 3782 ,Item
861 3701 1049 3786 insequenti
1070 3699 1124 3767 die
1146 3699 1262 3766 eadem
1285 3699 1530 3782 consuetudine,

188 3813 264 3880 dum
284 3812 413 3898 longius
436 3814 661 3898 prosequitur,
692 3832 757 3896 quo
785 3811 858 3878 loco
881 3815 1011 3899 equites
1032 3815 1136 3879 nostri
1158 3815 1317 3879 stationes
1339 3812 1530 3894 habuerant,

186 3924 313 4010 aliquot
334 3933 460 3990 turmae
484 3945 557 3990 cum
586 3924 653 3990 levi
679 3931 843 3990 armatura
870 3926 996 4010 impetu
1023 3924 1113 3991 facto
1142 3924 1216 3990 loco
1247 3932 1324 3990 suut
1349 3924 1468 3992 deiecti
1497 3935 1530 3991 et

186 4046 323 4128 propter
343 4040 540 4124 paucitatem
562 4045 747 4102 nostrorum
770 4039 914 4123 equitum
938 4037 1034 4103 simul
1055 4058 1129 4102 eum
1157 4038 1223 4103 levi
1253 4047 1417 4103 annatura
1445 4041 1531 4104 inter

187 4161 309 4219 turmas
330 4150 591 4218 adversariorum
613 4152 764 4236 protriti‘,
786 4153 946 4218 neminem
975 4150 1079 4237 fugit,
1107 4155 1234 4217 auctori
1256 4153 1436 4218 subiectum
1466 4173 1530 4216 non

187 4271 343 4349 ,turmac‘‚
365 4263 426 4331 sed
448 4264 599 4350 ,equites‘
623 4264 665 4331 ob
678 4264 791 4331 oculos
803 4273 969 4331 versatum
982 4265 1101 4348 esse1).
1123 4266 1275 4352 inprimis
1289 4287 1359 4331 cnm
1372 4267 1528 4352 singulari

187 4378 349 4446 collectivi
382 4382 520 4444 nominis
552 4399 686 4443 numero
713 4376 871 4464 pluralem
902 4377 995 4444 verbi
1024 4380 1229 4446 coniunctum
1258 4382 1456 4444 invenimus:
1486 4381 1531 4462 3,s

290 4639 310 4710 ¹)
328 4640 468 4692 Nemeum
477 4637 667 4706 Oudendorpio
686 4641 807 4706 ,turmae‘
825 4639 1156 4707 prornbtectovsrborum
1174 4637 1363 4706 ,suntdeieoti‘
1381 4641 1530 4706 etprotriti·

113 4789 121 4810 „
187 4737 339 4792 babendum
359 4751 418 4786 esse
437 4751 544 4788 censeo.
